%YAML 1.1
%TAG !u! tag:unity3d.com,2011:
--- !u!1001 &100100000
Prefab:
  serializedVersion: 2
  m_ObjectHideFlags: 1
  m_Modification:
    m_TransformParent: {fileID: 0}
    m_Modifications: []
    m_RemovedComponents: []
  m_ParentPrefab: {fileID: 0}
  m_RootGameObject: {fileID: 1826397761073141}
  m_IsPrefabParent: 1
  m_IsExploded: 0
--- !u!1 &1826397761073141
GameObject:
  serializedVersion: 3
  m_ObjectHideFlags: 0
  m_PrefabParentObject: {fileID: 0}
  m_PrefabInternal: {fileID: 100100000}
  m_Component:
  - 4: {fileID: 4881614501584305}
  m_Layer: 0
  m_Name: Background_Plateau_01_SET
  m_TagString: World
  m_Icon: {fileID: 0}
  m_NavMeshLayer: 0
  m_StaticEditorFlags: 0
  m_IsActive: 1
--- !u!4 &4881614501584305
Transform:
  m_ObjectHideFlags: 0
  m_PrefabParentObject: {fileID: 0}
  m_PrefabInternal: {fileID: 100100000}
  m_GameObject: {fileID: 1826397761073141}
  m_LocalRotation: {x: 0, y: 0, z: 0, w: 1}
  m_LocalPosition: {x: 0, y: 0, z: 0}
  m_LocalScale: {x: 1, y: 1, z: 1}
  m_Children:
  - {fileID: 4680192798372403}
  - {fileID: 4300656666226075}
  - {fileID: 4283247101513158}
  - {fileID: 4086892655361423}
  - {fileID: 4882618313759384}
  m_Father: {fileID: 0}
--- !u!1 &1270856563551896
GameObject:
  serializedVersion: 3
  m_ObjectHideFlags: 0
  m_PrefabParentObject: {fileID: 0}
  m_PrefabInternal: {fileID: 100100000}
  m_Component:
  - 4: {fileID: 4680192798372403}
  - 33: {fileID: 33354503522878408}
  - 23: {fileID: 23638970044004664}
  - 114: {fileID: 114282770475475911}
  m_Layer: 0
  m_Name: Background_Sky
  m_TagString: ParallaxLayerSky
  m_Icon: {fileID: 0}
  m_NavMeshLayer: 0
  m_StaticEditorFlags: 0
  m_IsActive: 1
--- !u!4 &4680192798372403
Transform:
  m_ObjectHideFlags: 0
  m_PrefabParentObject: {fileID: 0}
  m_PrefabInternal: {fileID: 100100000}
  m_GameObject: {fileID: 1270856563551896}
  m_LocalRotation: {x: 0, y: 0, z: 0, w: 1}
  m_LocalPosition: {x: -7, y: 24.172752, z: 20}
  m_LocalScale: {x: 56, y: 7.5, z: 1}
  m_Children: []
  m_Father: {fileID: 4881614501584305}
--- !u!33 &33354503522878408
MeshFilter:
  m_ObjectHideFlags: 0
  m_PrefabParentObject: {fileID: 0}
  m_PrefabInternal: {fileID: 100100000}
  m_GameObject: {fileID: 1270856563551896}
  m_Mesh: {fileID: 0}
--- !u!23 &23638970044004664
MeshRenderer:
  m_ObjectHideFlags: 0
  m_PrefabParentObject: {fileID: 0}
  m_PrefabInternal: {fileID: 100100000}
  m_GameObject: {fileID: 1270856563551896}
  m_Enabled: 1
  m_CastShadows: 1
  m_ReceiveShadows: 1
  m_LightmapIndex: 255
  m_LightmapTilingOffset: {x: 1, y: 1, z: 0, w: 0}
  m_Materials:
  - {fileID: 2100000, guid: 5d58c60a17e881546b159c4c5d275dfb, type: 2}
  m_SubsetIndices: []
  m_StaticBatchRoot: {fileID: 0}
  m_UseLightProbes: 0
  m_LightProbeAnchor: {fileID: 0}
  m_ScaleInLightmap: 1
--- !u!114 &114282770475475911
MonoBehaviour:
  m_ObjectHideFlags: 0
  m_PrefabParentObject: {fileID: 0}
  m_PrefabInternal: {fileID: 100100000}
  m_GameObject: {fileID: 1270856563551896}
  m_Enabled: 1
  m_EditorHideFlags: 0
  m_Script: {fileID: 11500000, guid: 04a340c55c247513cbdc1b4d88bbdbae, type: 3}
  m_Name:
  m_textureWidth: 128
  m_textureHeight: 256
  m_scale: 1
  m_spriteWidth: 128
  m_spriteHeight: 256
  m_UVx: 0
  m_UVy: 0
  m_width: 16
  m_height: 32
  m_atlasGridSubdivisions: 128
  m_updateCollider: 1
  m_uvRect:
    serializedVersion: 2
    x: 0.00048828125
    y: 0.00048828125
    width: 0.12402344
    height: 0.24902344
--- !u!1 &1571035447272213
GameObject:
  serializedVersion: 3
  m_ObjectHideFlags: 0
  m_PrefabParentObject: {fileID: 0}
  m_PrefabInternal: {fileID: 100100000}
  m_Component:
  - 4: {fileID: 4300656666226075}
  m_Layer: 0
  m_Name: GrassLayer
  m_TagString: Untagged
  m_Icon: {fileID: 0}
  m_NavMeshLayer: 0
  m_StaticEditorFlags: 0
  m_IsActive: 1
--- !u!4 &4300656666226075
Transform:
  m_ObjectHideFlags: 0
  m_PrefabParentObject: {fileID: 0}
  m_PrefabInternal: {fileID: 100100000}
  m_GameObject: {fileID: 1571035447272213}
  m_LocalRotation: {x: 0, y: 0, z: 0, w: 1}
  m_LocalPosition: {x: -16.804922, y: 0.717626, z: -22.507812}
  m_LocalScale: {x: 1, y: 1.4089054, z: 1}
  m_Children:
  - {fileID: 4139638377069898}
  - {fileID: 4387564835319589}
  - {fileID: 4044959670280312}
  - {fileID: 4897442273887246}
  - {fileID: 4319239068095210}
  - {fileID: 4784708238780970}
  - {fileID: 4764342685883044}
  - {fileID: 4052353557896781}
  - {fileID: 4600596905201460}
  - {fileID: 4591955556432343}
  - {fileID: 4833186429330351}
  - {fileID: 4158249314661528}
  - {fileID: 4354797226421063}
  - {fileID: 4907182353421674}
  - {fileID: 4526395944295264}
  - {fileID: 4604266156512441}
  m_Father: {fileID: 4881614501584305}
--- !u!1 &1697717777810481
GameObject:
  serializedVersion: 3
  m_ObjectHideFlags: 0
  m_PrefabParentObject: {fileID: 0}
  m_PrefabInternal: {fileID: 100100000}
  m_Component:
  - 4: {fileID: 4139638377069898}
  - 33: {fileID: 33406130517258778}
  - 23: {fileID: 23676497890454250}
  - 114: {fileID: 114992541658949072}
  m_Layer: 0
  m_Name: Grass_fill
  m_TagString: Untagged
  m_Icon: {fileID: 0}
  m_NavMeshLayer: 0
  m_StaticEditorFlags: 0
  m_IsActive: 1
--- !u!4 &4139638377069898
Transform:
  m_ObjectHideFlags: 0
  m_PrefabParentObject: {fileID: 0}
  m_PrefabInternal: {fileID: 100100000}
  m_GameObject: {fileID: 1697717777810481}
  m_LocalRotation: {x: 0, y: 0, z: 0, w: 1}
  m_LocalPosition: {x: 9.963087, y: -10.028057, z: 24.50781}
  m_LocalScale: {x: 224, y: 7.1187873, z: 1}
  m_Children: []
  m_Father: {fileID: 4300656666226075}
--- !u!33 &33406130517258778
MeshFilter:
  m_ObjectHideFlags: 0
  m_PrefabParentObject: {fileID: 0}
  m_PrefabInternal: {fileID: 100100000}
  m_GameObject: {fileID: 1697717777810481}
  m_Mesh: {fileID: 0}
--- !u!23 &23676497890454250
MeshRenderer:
  m_ObjectHideFlags: 0
  m_PrefabParentObject: {fileID: 0}
  m_PrefabInternal: {fileID: 100100000}
  m_GameObject: {fileID: 1697717777810481}
  m_Enabled: 1
  m_CastShadows: 1
  m_ReceiveShadows: 1
  m_LightmapIndex: 255
  m_LightmapTilingOffset: {x: 1, y: 1, z: 0, w: 0}
  m_Materials:
  - {fileID: 2100000, guid: 5d58c60a17e881546b159c4c5d275dfb, type: 2}
  m_SubsetIndices: []
  m_StaticBatchRoot: {fileID: 0}
  m_UseLightProbes: 0
  m_LightProbeAnchor: {fileID: 0}
  m_ScaleInLightmap: 1
--- !u!114 &114992541658949072
MonoBehaviour:
  m_ObjectHideFlags: 0
  m_PrefabParentObject: {fileID: 0}
  m_PrefabInternal: {fileID: 100100000}
  m_GameObject: {fileID: 1697717777810481}
  m_Enabled: 1
  m_EditorHideFlags: 0
  m_Script: {fileID: 11500000, guid: 04a340c55c247513cbdc1b4d88bbdbae, type: 3}
  m_Name:
  m_textureWidth: 32
  m_textureHeight: 32
  m_scale: 1
  m_spriteWidth: 32
  m_spriteHeight: 32
  m_UVx: 5
  m_UVy: 5
  m_width: 1
  m_height: 1
  m_atlasGridSubdivisions: 32
  m_updateCollider: 1
  m_uvRect:
    serializedVersion: 2
    x: 0.15673828
    y: 0.15673828
    width: 0.030273438
    height: 0.030273438
--- !u!1 &1805064456482150
GameObject:
  serializedVersion: 3
  m_ObjectHideFlags: 0
  m_PrefabParentObject: {fileID: 0}
  m_PrefabInternal: {fileID: 100100000}
  m_Component:
  - 4: {fileID: 4387564835319589}
  - 33: {fileID: 33748390180679869}
  - 23: {fileID: 23155366180716027}
  - 114: {fileID: 114968419252519879}
  m_Layer: 8
  m_Name: Grass
  m_TagString: Ground
  m_Icon: {fileID: 0}
  m_NavMeshLayer: 0
  m_StaticEditorFlags: 0
  m_IsActive: 1
--- !u!4 &4387564835319589
Transform:
  m_ObjectHideFlags: 0
  m_PrefabParentObject: {fileID: 0}
  m_PrefabInternal: {fileID: 100100000}
  m_GameObject: {fileID: 1805064456482150}
  m_LocalRotation: {x: 0, y: 0, z: 0, w: 1}
  m_LocalPosition: {x: -76.85654, y: -6.0016546, z: 24.507812}
  m_LocalScale: {x: 2, y: 0.75, z: 1}
  m_Children: []
  m_Father: {fileID: 4300656666226075}
--- !u!33 &33748390180679869
MeshFilter:
  m_ObjectHideFlags: 0
  m_PrefabParentObject: {fileID: 0}
  m_PrefabInternal: {fileID: 100100000}
  m_GameObject: {fileID: 1805064456482150}
  m_Mesh: {fileID: 0}
--- !u!23 &23155366180716027
MeshRenderer:
  m_ObjectHideFlags: 0
  m_PrefabParentObject: {fileID: 0}
  m_PrefabInternal: {fileID: 100100000}
  m_GameObject: {fileID: 1805064456482150}
  m_Enabled: 1
  m_CastShadows: 1
  m_ReceiveShadows: 1
  m_LightmapIndex: 255
  m_LightmapTilingOffset: {x: 1, y: 1, z: 0, w: 0}
  m_Materials:
  - {fileID: 2100000, guid: 5d58c60a17e881546b159c4c5d275dfb, type: 2}
  m_SubsetIndices: []
  m_StaticBatchRoot: {fileID: 0}
  m_UseLightProbes: 0
  m_LightProbeAnchor: {fileID: 0}
  m_ScaleInLightmap: 1
--- !u!114 &114968419252519879
MonoBehaviour:
  m_ObjectHideFlags: 0
  m_PrefabParentObject: {fileID: 0}
  m_PrefabInternal: {fileID: 100100000}
  m_GameObject: {fileID: 1805064456482150}
  m_Enabled: 1
  m_EditorHideFlags: 0
  m_Script: {fileID: 11500000, guid: 04a340c55c247513cbdc1b4d88bbdbae, type: 3}
  m_Name:
  m_textureWidth: 256
  m_textureHeight: 128
  m_scale: 1
  m_spriteWidth: 256
  m_spriteHeight: 128
  m_UVx: 4
  m_UVy: 4
  m_width: 8
  m_height: 4
  m_atlasGridSubdivisions: 32
  m_updateCollider: 1
  m_uvRect:
    serializedVersion: 2
    x: 0.12548828
    y: 0.12548828
    width: 0.24902344
    height: 0.12402344
--- !u!1 &1227302837020254
GameObject:
  serializedVersion: 3
  m_ObjectHideFlags: 0
  m_PrefabParentObject: {fileID: 0}
  m_PrefabInternal: {fileID: 100100000}
  m_Component:
  - 4: {fileID: 4044959670280312}
  - 33: {fileID: 33865375296020575}
  - 23: {fileID: 23192273222958849}
  - 114: {fileID: 114271143411411167}
  m_Layer: 8
  m_Name: Grass
  m_TagString: Ground
  m_Icon: {fileID: 0}
  m_NavMeshLayer: 0
  m_StaticEditorFlags: 0
  m_IsActive: 1
--- !u!4 &4044959670280312
Transform:
  m_ObjectHideFlags: 0
  m_PrefabParentObject: {fileID: 0}
  m_PrefabInternal: {fileID: 100100000}
  m_GameObject: {fileID: 1227302837020254}
  m_LocalRotation: {x: 0, y: 0, z: 0, w: 1}
  m_LocalPosition: {x: -63.553993, y: -6.0016546, z: 24.507812}
  m_LocalScale: {x: -2.1, y: 0.74999994, z: 1}
  m_Children: []
  m_Father: {fileID: 4300656666226075}
--- !u!33 &33865375296020575
MeshFilter:
  m_ObjectHideFlags: 0
  m_PrefabParentObject: {fileID: 0}
  m_PrefabInternal: {fileID: 100100000}
  m_GameObject: {fileID: 1227302837020254}
  m_Mesh: {fileID: 0}
--- !u!23 &23192273222958849
MeshRenderer:
  m_ObjectHideFlags: 0
  m_PrefabParentObject: {fileID: 0}
  m_PrefabInternal: {fileID: 100100000}
  m_GameObject: {fileID: 1227302837020254}
  m_Enabled: 1
  m_CastShadows: 1
  m_ReceiveShadows: 1
  m_LightmapIndex: 255
  m_LightmapTilingOffset: {x: 1, y: 1, z: 0, w: 0}
  m_Materials:
  - {fileID: 2100000, guid: 5d58c60a17e881546b159c4c5d275dfb, type: 2}
  m_SubsetIndices: []
  m_StaticBatchRoot: {fileID: 0}
  m_UseLightProbes: 0
  m_LightProbeAnchor: {fileID: 0}
  m_ScaleInLightmap: 1
--- !u!114 &114271143411411167
MonoBehaviour:
  m_ObjectHideFlags: 0
  m_PrefabParentObject: {fileID: 0}
  m_PrefabInternal: {fileID: 100100000}
  m_GameObject: {fileID: 1227302837020254}
  m_Enabled: 1
  m_EditorHideFlags: 0
  m_Script: {fileID: 11500000, guid: 04a340c55c247513cbdc1b4d88bbdbae, type: 3}
  m_Name:
  m_textureWidth: 256
  m_textureHeight: 128
  m_scale: 1
  m_spriteWidth: 256
  m_spriteHeight: 128
  m_UVx: 4
  m_UVy: 4
  m_width: 8
  m_height: 4
  m_atlasGridSubdivisions: 32
  m_updateCollider: 1
  m_uvRect:
    serializedVersion: 2
    x: 0.12548828
    y: 0.12548828
    width: 0.24902344
    height: 0.12402344
--- !u!1 &1325139047800768
GameObject:
  serializedVersion: 3
  m_ObjectHideFlags: 0
  m_PrefabParentObject: {fileID: 0}
  m_PrefabInternal: {fileID: 100100000}
  m_Component:
  - 4: {fileID: 4897442273887246}
  - 33: {fileID: 33968590455127349}
  - 23: {fileID: 23063127082638719}
  - 114: {fileID: 114903680822324743}
  m_Layer: 8
  m_Name: Grass
  m_TagString: Ground
  m_Icon: {fileID: 0}
  m_NavMeshLayer: 0
  m_StaticEditorFlags: 0
  m_IsActive: 1
--- !u!4 &4897442273887246
Transform:
  m_ObjectHideFlags: 0
  m_PrefabParentObject: {fileID: 0}
  m_PrefabInternal: {fileID: 100100000}
  m_GameObject: {fileID: 1325139047800768}
  m_LocalRotation: {x: 0, y: 0, z: 0, w: 1}
  m_LocalPosition: {x: -50.211655, y: -6.0016546, z: 24.507812}
  m_LocalScale: {x: 2.025, y: 0.74999994, z: 1}
  m_Children: []
  m_Father: {fileID: 4300656666226075}
--- !u!33 &33968590455127349
MeshFilter:
  m_ObjectHideFlags: 0
  m_PrefabParentObject: {fileID: 0}
  m_PrefabInternal: {fileID: 100100000}
  m_GameObject: {fileID: 1325139047800768}
  m_Mesh: {fileID: 0}
--- !u!23 &23063127082638719
MeshRenderer:
  m_ObjectHideFlags: 0
  m_PrefabParentObject: {fileID: 0}
  m_PrefabInternal: {fileID: 100100000}
  m_GameObject: {fileID: 1325139047800768}
  m_Enabled: 1
  m_CastShadows: 1
  m_ReceiveShadows: 1
  m_LightmapIndex: 255
  m_LightmapTilingOffset: {x: 1, y: 1, z: 0, w: 0}
  m_Materials:
  - {fileID: 2100000, guid: 5d58c60a17e881546b159c4c5d275dfb, type: 2}
  m_SubsetIndices: []
  m_StaticBatchRoot: {fileID: 0}
  m_UseLightProbes: 0
  m_LightProbeAnchor: {fileID: 0}
  m_ScaleInLightmap: 1
--- !u!114 &114903680822324743
MonoBehaviour:
  m_ObjectHideFlags: 0
  m_PrefabParentObject: {fileID: 0}
  m_PrefabInternal: {fileID: 100100000}
  m_GameObject: {fileID: 1325139047800768}
  m_Enabled: 1
  m_EditorHideFlags: 0
  m_Script: {fileID: 11500000, guid: 04a340c55c247513cbdc1b4d88bbdbae, type: 3}
  m_Name:
  m_textureWidth: 256
  m_textureHeight: 128
  m_scale: 1
  m_spriteWidth: 256
  m_spriteHeight: 128
  m_UVx: 4
  m_UVy: 4
  m_width: 8
  m_height: 4
  m_atlasGridSubdivisions: 32
  m_updateCollider: 1
  m_uvRect:
    serializedVersion: 2
    x: 0.12548828
    y: 0.12548828
    width: 0.24902344
    height: 0.12402344
--- !u!1 &1432650710418764
GameObject:
  serializedVersion: 3
  m_ObjectHideFlags: 0
  m_PrefabParentObject: {fileID: 0}
  m_PrefabInternal: {fileID: 100100000}
  m_Component:
  - 4: {fileID: 4319239068095210}
  - 33: {fileID: 33611451000020312}
  - 23: {fileID: 23595654878928825}
  - 114: {fileID: 114548379837290992}
  m_Layer: 8
  m_Name: Grass
  m_TagString: Ground
  m_Icon: {fileID: 0}
  m_NavMeshLayer: 0
  m_StaticEditorFlags: 0
  m_IsActive: 1
--- !u!4 &4319239068095210
Transform:
  m_ObjectHideFlags: 0
  m_PrefabParentObject: {fileID: 0}
  m_PrefabInternal: {fileID: 100100000}
  m_GameObject: {fileID: 1432650710418764}
  m_LocalRotation: {x: 0, y: 0, z: 0, w: 1}
  m_LocalPosition: {x: -36.909134, y: -6.0016546, z: 24.507812}
  m_LocalScale: {x: -2, y: 0.74999994, z: 1}
  m_Children: []
  m_Father: {fileID: 4300656666226075}
--- !u!33 &33611451000020312
MeshFilter:
  m_ObjectHideFlags: 0
  m_PrefabParentObject: {fileID: 0}
  m_PrefabInternal: {fileID: 100100000}
  m_GameObject: {fileID: 1432650710418764}
  m_Mesh: {fileID: 0}
--- !u!23 &23595654878928825
MeshRenderer:
  m_ObjectHideFlags: 0
  m_PrefabParentObject: {fileID: 0}
  m_PrefabInternal: {fileID: 100100000}
  m_GameObject: {fileID: 1432650710418764}
  m_Enabled: 1
  m_CastShadows: 1
  m_ReceiveShadows: 1
  m_LightmapIndex: 255
  m_LightmapTilingOffset: {x: 1, y: 1, z: 0, w: 0}
  m_Materials:
  - {fileID: 2100000, guid: 5d58c60a17e881546b159c4c5d275dfb, type: 2}
  m_SubsetIndices: []
  m_StaticBatchRoot: {fileID: 0}
  m_UseLightProbes: 0
  m_LightProbeAnchor: {fileID: 0}
  m_ScaleInLightmap: 1
--- !u!114 &114548379837290992
MonoBehaviour:
  m_ObjectHideFlags: 0
  m_PrefabParentObject: {fileID: 0}
  m_PrefabInternal: {fileID: 100100000}
  m_GameObject: {fileID: 1432650710418764}
  m_Enabled: 1
  m_EditorHideFlags: 0
  m_Script: {fileID: 11500000, guid: 04a340c55c247513cbdc1b4d88bbdbae, type: 3}
  m_Name:
  m_textureWidth: 256
  m_textureHeight: 128
  m_scale: 1
  m_spriteWidth: 256
  m_spriteHeight: 128
  m_UVx: 4
  m_UVy: 4
  m_width: 8
  m_height: 4
  m_atlasGridSubdivisions: 32
  m_updateCollider: 1
  m_uvRect:
    serializedVersion: 2
    x: 0.12548828
    y: 0.12548828
    width: 0.24902344
    height: 0.12402344
--- !u!1 &1067469716481351
GameObject:
  serializedVersion: 3
  m_ObjectHideFlags: 0
  m_PrefabParentObject: {fileID: 0}
  m_PrefabInternal: {fileID: 100100000}
  m_Component:
  - 4: {fileID: 4784708238780970}
  - 33: {fileID: 33538544200163180}
  - 23: {fileID: 23738002259712115}
  - 114: {fileID: 114821618633921144}
  m_Layer: 8
  m_Name: Grass
  m_TagString: Ground
  m_Icon: {fileID: 0}
  m_NavMeshLayer: 0
  m_StaticEditorFlags: 0
  m_IsActive: 1
--- !u!4 &4784708238780970
Transform:
  m_ObjectHideFlags: 0
  m_PrefabParentObject: {fileID: 0}
  m_PrefabInternal: {fileID: 100100000}
  m_GameObject: {fileID: 1067469716481351}
  m_LocalRotation: {x: 0, y: 0, z: 0, w: 1}
  m_LocalPosition: {x: -23.5664, y: -6.0016546, z: 24.507812}
  m_LocalScale: {x: 2.0249999, y: 0.74999994, z: 1}
  m_Children: []
  m_Father: {fileID: 4300656666226075}
--- !u!33 &33538544200163180
MeshFilter:
  m_ObjectHideFlags: 0
  m_PrefabParentObject: {fileID: 0}
  m_PrefabInternal: {fileID: 100100000}
  m_GameObject: {fileID: 1067469716481351}
  m_Mesh: {fileID: 0}
--- !u!23 &23738002259712115
MeshRenderer:
  m_ObjectHideFlags: 0
  m_PrefabParentObject: {fileID: 0}
  m_PrefabInternal: {fileID: 100100000}
  m_GameObject: {fileID: 1067469716481351}
  m_Enabled: 1
  m_CastShadows: 1
  m_ReceiveShadows: 1
  m_LightmapIndex: 255
  m_LightmapTilingOffset: {x: 1, y: 1, z: 0, w: 0}
  m_Materials:
  - {fileID: 2100000, guid: 5d58c60a17e881546b159c4c5d275dfb, type: 2}
  m_SubsetIndices: []
  m_StaticBatchRoot: {fileID: 0}
  m_UseLightProbes: 0
  m_LightProbeAnchor: {fileID: 0}
  m_ScaleInLightmap: 1
--- !u!114 &114821618633921144
MonoBehaviour:
  m_ObjectHideFlags: 0
  m_PrefabParentObject: {fileID: 0}
  m_PrefabInternal: {fileID: 100100000}
  m_GameObject: {fileID: 1067469716481351}
  m_Enabled: 1
  m_EditorHideFlags: 0
  m_Script: {fileID: 11500000, guid: 04a340c55c247513cbdc1b4d88bbdbae, type: 3}
  m_Name:
  m_textureWidth: 256
  m_textureHeight: 128
  m_scale: 1
  m_spriteWidth: 256
  m_spriteHeight: 128
  m_UVx: 4
  m_UVy: 4
  m_width: 8
  m_height: 4
  m_atlasGridSubdivisions: 32
  m_updateCollider: 1
  m_uvRect:
    serializedVersion: 2
    x: 0.12548828
    y: 0.12548828
    width: 0.24902344
    height: 0.12402344
--- !u!1 &1804691806968072
GameObject:
  serializedVersion: 3
  m_ObjectHideFlags: 0
  m_PrefabParentObject: {fileID: 0}
  m_PrefabInternal: {fileID: 100100000}
  m_Component:
  - 4: {fileID: 4764342685883044}
  - 33: {fileID: 33262442009964522}
  - 23: {fileID: 23789069509092699}
  - 114: {fileID: 114649832525068291}
  m_Layer: 8
  m_Name: Grass
  m_TagString: Ground
  m_Icon: {fileID: 0}
  m_NavMeshLayer: 0
  m_StaticEditorFlags: 0
  m_IsActive: 1
--- !u!4 &4764342685883044
Transform:
  m_ObjectHideFlags: 0
  m_PrefabParentObject: {fileID: 0}
  m_PrefabInternal: {fileID: 100100000}
  m_GameObject: {fileID: 1804691806968072}
  m_LocalRotation: {x: 0, y: 0, z: 0, w: 1}
  m_LocalPosition: {x: -10.263868, y: -6.0016546, z: 24.507812}
  m_LocalScale: {x: -2, y: 0.74999994, z: 1}
  m_Children: []
  m_Father: {fileID: 4300656666226075}
--- !u!33 &33262442009964522
MeshFilter:
  m_ObjectHideFlags: 0
  m_PrefabParentObject: {fileID: 0}
  m_PrefabInternal: {fileID: 100100000}
  m_GameObject: {fileID: 1804691806968072}
  m_Mesh: {fileID: 0}
--- !u!23 &23789069509092699
MeshRenderer:
  m_ObjectHideFlags: 0
  m_PrefabParentObject: {fileID: 0}
  m_PrefabInternal: {fileID: 100100000}
  m_GameObject: {fileID: 1804691806968072}
  m_Enabled: 1
  m_CastShadows: 1
  m_ReceiveShadows: 1
  m_LightmapIndex: 255
  m_LightmapTilingOffset: {x: 1, y: 1, z: 0, w: 0}
  m_Materials:
  - {fileID: 2100000, guid: 5d58c60a17e881546b159c4c5d275dfb, type: 2}
  m_SubsetIndices: []
  m_StaticBatchRoot: {fileID: 0}
  m_UseLightProbes: 0
  m_LightProbeAnchor: {fileID: 0}
  m_ScaleInLightmap: 1
--- !u!114 &114649832525068291
MonoBehaviour:
  m_ObjectHideFlags: 0
  m_PrefabParentObject: {fileID: 0}
  m_PrefabInternal: {fileID: 100100000}
  m_GameObject: {fileID: 1804691806968072}
  m_Enabled: 1
  m_EditorHideFlags: 0
  m_Script: {fileID: 11500000, guid: 04a340c55c247513cbdc1b4d88bbdbae, type: 3}
  m_Name:
  m_textureWidth: 256
  m_textureHeight: 128
  m_scale: 1
  m_spriteWidth: 256
  m_spriteHeight: 128
  m_UVx: 4
  m_UVy: 4
  m_width: 8
  m_height: 4
  m_atlasGridSubdivisions: 32
  m_updateCollider: 1
  m_uvRect:
    serializedVersion: 2
    x: 0.12548828
    y: 0.12548828
    width: 0.24902344
    height: 0.12402344
--- !u!1 &1431565970474508
GameObject:
  serializedVersion: 3
  m_ObjectHideFlags: 0
  m_PrefabParentObject: {fileID: 0}
  m_PrefabInternal: {fileID: 100100000}
  m_Component:
  - 4: {fileID: 4052353557896781}
  - 33: {fileID: 33816771776003827}
  - 23: {fileID: 23020438481338537}
  - 114: {fileID: 114772982260419856}
  m_Layer: 8
  m_Name: Grass
  m_TagString: Ground
  m_Icon: {fileID: 0}
  m_NavMeshLayer: 0
  m_StaticEditorFlags: 0
  m_IsActive: 1
--- !u!4 &4052353557896781
Transform:
  m_ObjectHideFlags: 0
  m_PrefabParentObject: {fileID: 0}
  m_PrefabInternal: {fileID: 100100000}
  m_GameObject: {fileID: 1431565970474508}
  m_LocalRotation: {x: 0, y: 0, z: 0, w: 1}
  m_LocalPosition: {x: 16.381002, y: -6.0016546, z: 24.507812}
  m_LocalScale: {x: -2, y: 0.74999994, z: 1}
  m_Children: []
  m_Father: {fileID: 4300656666226075}
--- !u!33 &33816771776003827
MeshFilter:
  m_ObjectHideFlags: 0
  m_PrefabParentObject: {fileID: 0}
  m_PrefabInternal: {fileID: 100100000}
  m_GameObject: {fileID: 1431565970474508}
  m_Mesh: {fileID: 0}
--- !u!23 &23020438481338537
MeshRenderer:
  m_ObjectHideFlags: 0
  m_PrefabParentObject: {fileID: 0}
  m_PrefabInternal: {fileID: 100100000}
  m_GameObject: {fileID: 1431565970474508}
  m_Enabled: 1
  m_CastShadows: 1
  m_ReceiveShadows: 1
  m_LightmapIndex: 255
  m_LightmapTilingOffset: {x: 1, y: 1, z: 0, w: 0}
  m_Materials:
  - {fileID: 2100000, guid: 5d58c60a17e881546b159c4c5d275dfb, type: 2}
  m_SubsetIndices: []
  m_StaticBatchRoot: {fileID: 0}
  m_UseLightProbes: 0
  m_LightProbeAnchor: {fileID: 0}
  m_ScaleInLightmap: 1
--- !u!114 &114772982260419856
MonoBehaviour:
  m_ObjectHideFlags: 0
  m_PrefabParentObject: {fileID: 0}
  m_PrefabInternal: {fileID: 100100000}
  m_GameObject: {fileID: 1431565970474508}
  m_Enabled: 1
  m_EditorHideFlags: 0
  m_Script: {fileID: 11500000, guid: 04a340c55c247513cbdc1b4d88bbdbae, type: 3}
  m_Name:
  m_textureWidth: 256
  m_textureHeight: 128
  m_scale: 1
  m_spriteWidth: 256
  m_spriteHeight: 128
  m_UVx: 4
  m_UVy: 4
  m_width: 8
  m_height: 4
  m_atlasGridSubdivisions: 32
  m_updateCollider: 1
  m_uvRect:
    serializedVersion: 2
    x: 0.12548828
    y: 0.12548828
    width: 0.24902344
    height: 0.12402344
--- !u!1 &1525294033781565
GameObject:
  serializedVersion: 3
  m_ObjectHideFlags: 0
  m_PrefabParentObject: {fileID: 0}
  m_PrefabInternal: {fileID: 100100000}
  m_Component:
  - 4: {fileID: 4600596905201460}
  - 33: {fileID: 33431540713521204}
  - 23: {fileID: 23965773015612370}
  - 114: {fileID: 114114792449916479}
  m_Layer: 8
  m_Name: Grass
  m_TagString: Ground
  m_Icon: {fileID: 0}
  m_NavMeshLayer: 0
  m_StaticEditorFlags: 0
  m_IsActive: 1
--- !u!4 &4600596905201460
Transform:
  m_ObjectHideFlags: 0
  m_PrefabParentObject: {fileID: 0}
  m_PrefabInternal: {fileID: 100100000}
  m_GameObject: {fileID: 1525294033781565}
  m_LocalRotation: {x: 0, y: 0, z: 0, w: 1}
  m_LocalPosition: {x: 3.0784779, y: -6.0016546, z: 24.507812}
  m_LocalScale: {x: 2.025, y: 0.74999994, z: 1}
  m_Children: []
  m_Father: {fileID: 4300656666226075}
--- !u!33 &33431540713521204
MeshFilter:
  m_ObjectHideFlags: 0
  m_PrefabParentObject: {fileID: 0}
  m_PrefabInternal: {fileID: 100100000}
  m_GameObject: {fileID: 1525294033781565}
  m_Mesh: {fileID: 0}
--- !u!23 &23965773015612370
MeshRenderer:
  m_ObjectHideFlags: 0
  m_PrefabParentObject: {fileID: 0}
  m_PrefabInternal: {fileID: 100100000}
  m_GameObject: {fileID: 1525294033781565}
  m_Enabled: 1
  m_CastShadows: 1
  m_ReceiveShadows: 1
  m_LightmapIndex: 255
  m_LightmapTilingOffset: {x: 1, y: 1, z: 0, w: 0}
  m_Materials:
  - {fileID: 2100000, guid: 5d58c60a17e881546b159c4c5d275dfb, type: 2}
  m_SubsetIndices: []
  m_StaticBatchRoot: {fileID: 0}
  m_UseLightProbes: 0
  m_LightProbeAnchor: {fileID: 0}
  m_ScaleInLightmap: 1
--- !u!114 &114114792449916479
MonoBehaviour:
  m_ObjectHideFlags: 0
  m_PrefabParentObject: {fileID: 0}
  m_PrefabInternal: {fileID: 100100000}
  m_GameObject: {fileID: 1525294033781565}
  m_Enabled: 1
  m_EditorHideFlags: 0
  m_Script: {fileID: 11500000, guid: 04a340c55c247513cbdc1b4d88bbdbae, type: 3}
  m_Name:
  m_textureWidth: 256
  m_textureHeight: 128
  m_scale: 1
  m_spriteWidth: 256
  m_spriteHeight: 128
  m_UVx: 4
  m_UVy: 4
  m_width: 8
  m_height: 4
  m_atlasGridSubdivisions: 32
  m_updateCollider: 1
  m_uvRect:
    serializedVersion: 2
    x: 0.12548828
    y: 0.12548828
    width: 0.24902344
    height: 0.12402344
--- !u!1 &1928884554128990
GameObject:
  serializedVersion: 3
  m_ObjectHideFlags: 0
  m_PrefabParentObject: {fileID: 0}
  m_PrefabInternal: {fileID: 100100000}
  m_Component:
  - 4: {fileID: 4591955556432343}
  - 33: {fileID: 33393965763242644}
  - 23: {fileID: 23998607043588105}
  - 114: {fileID: 114415445536424147}
  m_Layer: 8
  m_Name: Grass
  m_TagString: Ground
  m_Icon: {fileID: 0}
  m_NavMeshLayer: 0
  m_StaticEditorFlags: 0
  m_IsActive: 1
--- !u!4 &4591955556432343
Transform:
  m_ObjectHideFlags: 0
  m_PrefabParentObject: {fileID: 0}
  m_PrefabInternal: {fileID: 100100000}
  m_GameObject: {fileID: 1928884554128990}
  m_LocalRotation: {x: 0, y: 0, z: 0, w: 1}
  m_LocalPosition: {x: 29.634949, y: -6.0016546, z: 24.507812}
  m_LocalScale: {x: 2, y: 0.74999994, z: 1}
  m_Children: []
  m_Father: {fileID: 4300656666226075}
--- !u!33 &33393965763242644
MeshFilter:
  m_ObjectHideFlags: 0
  m_PrefabParentObject: {fileID: 0}
  m_PrefabInternal: {fileID: 100100000}
  m_GameObject: {fileID: 1928884554128990}
  m_Mesh: {fileID: 0}
--- !u!23 &23998607043588105
MeshRenderer:
  m_ObjectHideFlags: 0
  m_PrefabParentObject: {fileID: 0}
  m_PrefabInternal: {fileID: 100100000}
  m_GameObject: {fileID: 1928884554128990}
  m_Enabled: 1
  m_CastShadows: 1
  m_ReceiveShadows: 1
  m_LightmapIndex: 255
  m_LightmapTilingOffset: {x: 1, y: 1, z: 0, w: 0}
  m_Materials:
  - {fileID: 2100000, guid: 5d58c60a17e881546b159c4c5d275dfb, type: 2}
  m_SubsetIndices: []
  m_StaticBatchRoot: {fileID: 0}
  m_UseLightProbes: 0
  m_LightProbeAnchor: {fileID: 0}
  m_ScaleInLightmap: 1
--- !u!114 &114415445536424147
MonoBehaviour:
  m_ObjectHideFlags: 0
  m_PrefabParentObject: {fileID: 0}
  m_PrefabInternal: {fileID: 100100000}
  m_GameObject: {fileID: 1928884554128990}
  m_Enabled: 1
  m_EditorHideFlags: 0
  m_Script: {fileID: 11500000, guid: 04a340c55c247513cbdc1b4d88bbdbae, type: 3}
  m_Name:
  m_textureWidth: 256
  m_textureHeight: 128
  m_scale: 1
  m_spriteWidth: 256
  m_spriteHeight: 128
  m_UVx: 4
  m_UVy: 4
  m_width: 8
  m_height: 4
  m_atlasGridSubdivisions: 32
  m_updateCollider: 1
  m_uvRect:
    serializedVersion: 2
    x: 0.12548828
    y: 0.12548828
    width: 0.24902344
    height: 0.12402344
--- !u!1 &1905712949308085
GameObject:
  serializedVersion: 3
  m_ObjectHideFlags: 0
  m_PrefabParentObject: {fileID: 0}
  m_PrefabInternal: {fileID: 100100000}
  m_Component:
  - 4: {fileID: 4833186429330351}
  - 33: {fileID: 33823985907876778}
  - 23: {fileID: 23819253234870374}
  - 114: {fileID: 114224972888449672}
  m_Layer: 8
  m_Name: Grass
  m_TagString: Ground
  m_Icon: {fileID: 0}
  m_NavMeshLayer: 0
  m_StaticEditorFlags: 0
  m_IsActive: 1
--- !u!4 &4833186429330351
Transform:
  m_ObjectHideFlags: 0
  m_PrefabParentObject: {fileID: 0}
  m_PrefabInternal: {fileID: 100100000}
  m_GameObject: {fileID: 1905712949308085}
  m_LocalRotation: {x: 0, y: 0, z: 0, w: 1}
  m_LocalPosition: {x: 42.9375, y: -6.0016546, z: 24.507812}
  m_LocalScale: {x: -2, y: 0.74999994, z: 1}
  m_Children: []
  m_Father: {fileID: 4300656666226075}
--- !u!33 &33823985907876778
MeshFilter:
  m_ObjectHideFlags: 0
  m_PrefabParentObject: {fileID: 0}
  m_PrefabInternal: {fileID: 100100000}
  m_GameObject: {fileID: 1905712949308085}
  m_Mesh: {fileID: 0}
--- !u!23 &23819253234870374
MeshRenderer:
  m_ObjectHideFlags: 0
  m_PrefabParentObject: {fileID: 0}
  m_PrefabInternal: {fileID: 100100000}
  m_GameObject: {fileID: 1905712949308085}
  m_Enabled: 1
  m_CastShadows: 1
  m_ReceiveShadows: 1
  m_LightmapIndex: 255
  m_LightmapTilingOffset: {x: 1, y: 1, z: 0, w: 0}
  m_Materials:
  - {fileID: 2100000, guid: 5d58c60a17e881546b159c4c5d275dfb, type: 2}
  m_SubsetIndices: []
  m_StaticBatchRoot: {fileID: 0}
  m_UseLightProbes: 0
  m_LightProbeAnchor: {fileID: 0}
  m_ScaleInLightmap: 1
--- !u!114 &114224972888449672
MonoBehaviour:
  m_ObjectHideFlags: 0
  m_PrefabParentObject: {fileID: 0}
  m_PrefabInternal: {fileID: 100100000}
  m_GameObject: {fileID: 1905712949308085}
  m_Enabled: 1
  m_EditorHideFlags: 0
  m_Script: {fileID: 11500000, guid: 04a340c55c247513cbdc1b4d88bbdbae, type: 3}
  m_Name:
  m_textureWidth: 256
  m_textureHeight: 128
  m_scale: 1
  m_spriteWidth: 256
  m_spriteHeight: 128
  m_UVx: 4
  m_UVy: 4
  m_width: 8
  m_height: 4
  m_atlasGridSubdivisions: 32
  m_updateCollider: 1
  m_uvRect:
    serializedVersion: 2
    x: 0.12548828
    y: 0.12548828
    width: 0.24902344
    height: 0.12402344
--- !u!1 &1295499109189899
GameObject:
  serializedVersion: 3
  m_ObjectHideFlags: 0
  m_PrefabParentObject: {fileID: 0}
  m_PrefabInternal: {fileID: 100100000}
  m_Component:
  - 4: {fileID: 4158249314661528}
  - 33: {fileID: 33422857672611489}
  - 23: {fileID: 23146354855548067}
  - 114: {fileID: 114599408819135232}
  m_Layer: 8
  m_Name: Grass
  m_TagString: Ground
  m_Icon: {fileID: 0}
  m_NavMeshLayer: 0
  m_StaticEditorFlags: 0
  m_IsActive: 1
--- !u!4 &4158249314661528
Transform:
  m_ObjectHideFlags: 0
  m_PrefabParentObject: {fileID: 0}
  m_PrefabInternal: {fileID: 100100000}
  m_GameObject: {fileID: 1295499109189899}
  m_LocalRotation: {x: 0, y: 0, z: 0, w: 1}
  m_LocalPosition: {x: 69.52149, y: -6.0016546, z: 24.507812}
  m_LocalScale: {x: -2, y: 0.74999994, z: 1}
  m_Children: []
  m_Father: {fileID: 4300656666226075}
--- !u!33 &33422857672611489
MeshFilter:
  m_ObjectHideFlags: 0
  m_PrefabParentObject: {fileID: 0}
  m_PrefabInternal: {fileID: 100100000}
  m_GameObject: {fileID: 1295499109189899}
  m_Mesh: {fileID: 0}
--- !u!23 &23146354855548067
MeshRenderer:
  m_ObjectHideFlags: 0
  m_PrefabParentObject: {fileID: 0}
  m_PrefabInternal: {fileID: 100100000}
  m_GameObject: {fileID: 1295499109189899}
  m_Enabled: 1
  m_CastShadows: 1
  m_ReceiveShadows: 1
  m_LightmapIndex: 255
  m_LightmapTilingOffset: {x: 1, y: 1, z: 0, w: 0}
  m_Materials:
  - {fileID: 2100000, guid: 5d58c60a17e881546b159c4c5d275dfb, type: 2}
  m_SubsetIndices: []
  m_StaticBatchRoot: {fileID: 0}
  m_UseLightProbes: 0
  m_LightProbeAnchor: {fileID: 0}
  m_ScaleInLightmap: 1
--- !u!114 &114599408819135232
MonoBehaviour:
  m_ObjectHideFlags: 0
  m_PrefabParentObject: {fileID: 0}
  m_PrefabInternal: {fileID: 100100000}
  m_GameObject: {fileID: 1295499109189899}
  m_Enabled: 1
  m_EditorHideFlags: 0
  m_Script: {fileID: 11500000, guid: 04a340c55c247513cbdc1b4d88bbdbae, type: 3}
  m_Name:
  m_textureWidth: 256
  m_textureHeight: 128
  m_scale: 1
  m_spriteWidth: 256
  m_spriteHeight: 128
  m_UVx: 4
  m_UVy: 4
  m_width: 8
  m_height: 4
  m_atlasGridSubdivisions: 32
  m_updateCollider: 1
  m_uvRect:
    serializedVersion: 2
    x: 0.12548828
    y: 0.12548828
    width: 0.24902344
    height: 0.12402344
--- !u!1 &1029602306941184
GameObject:
  serializedVersion: 3
  m_ObjectHideFlags: 0
  m_PrefabParentObject: {fileID: 0}
  m_PrefabInternal: {fileID: 100100000}
  m_Component:
  - 4: {fileID: 4354797226421063}
  - 33: {fileID: 33860419481428613}
  - 23: {fileID: 23462585022015446}
  - 114: {fileID: 114534620920909545}
  m_Layer: 8
  m_Name: Grass
  m_TagString: Ground
  m_Icon: {fileID: 0}
  m_NavMeshLayer: 0
  m_StaticEditorFlags: 0
  m_IsActive: 1
--- !u!4 &4354797226421063
Transform:
  m_ObjectHideFlags: 0
  m_PrefabParentObject: {fileID: 0}
  m_PrefabInternal: {fileID: 100100000}
  m_GameObject: {fileID: 1029602306941184}
  m_LocalRotation: {x: 0, y: 0, z: 0, w: 1}
  m_LocalPosition: {x: 56.218994, y: -6.0016546, z: 24.507812}
  m_LocalScale: {x: 2, y: 0.74999994, z: 1}
  m_Children: []
  m_Father: {fileID: 4300656666226075}
--- !u!33 &33860419481428613
MeshFilter:
  m_ObjectHideFlags: 0
  m_PrefabParentObject: {fileID: 0}
  m_PrefabInternal: {fileID: 100100000}
  m_GameObject: {fileID: 1029602306941184}
  m_Mesh: {fileID: 0}
--- !u!23 &23462585022015446
MeshRenderer:
  m_ObjectHideFlags: 0
  m_PrefabParentObject: {fileID: 0}
  m_PrefabInternal: {fileID: 100100000}
  m_GameObject: {fileID: 1029602306941184}
  m_Enabled: 1
  m_CastShadows: 1
  m_ReceiveShadows: 1
  m_LightmapIndex: 255
  m_LightmapTilingOffset: {x: 1, y: 1, z: 0, w: 0}
  m_Materials:
  - {fileID: 2100000, guid: 5d58c60a17e881546b159c4c5d275dfb, type: 2}
  m_SubsetIndices: []
  m_StaticBatchRoot: {fileID: 0}
  m_UseLightProbes: 0
  m_LightProbeAnchor: {fileID: 0}
  m_ScaleInLightmap: 1
--- !u!114 &114534620920909545
MonoBehaviour:
  m_ObjectHideFlags: 0
  m_PrefabParentObject: {fileID: 0}
  m_PrefabInternal: {fileID: 100100000}
  m_GameObject: {fileID: 1029602306941184}
  m_Enabled: 1
  m_EditorHideFlags: 0
  m_Script: {fileID: 11500000, guid: 04a340c55c247513cbdc1b4d88bbdbae, type: 3}
  m_Name:
  m_textureWidth: 256
  m_textureHeight: 128
  m_scale: 1
  m_spriteWidth: 256
  m_spriteHeight: 128
  m_UVx: 4
  m_UVy: 4
  m_width: 8
  m_height: 4
  m_atlasGridSubdivisions: 32
  m_updateCollider: 1
  m_uvRect:
    serializedVersion: 2
    x: 0.12548828
    y: 0.12548828
    width: 0.24902344
    height: 0.12402344
--- !u!1 &1047482362077252
GameObject:
  serializedVersion: 3
  m_ObjectHideFlags: 0
  m_PrefabParentObject: {fileID: 0}
  m_PrefabInternal: {fileID: 100100000}
  m_Component:
  - 4: {fileID: 4907182353421674}
  - 33: {fileID: 33221145132902800}
  - 23: {fileID: 23333288278184994}
  - 114: {fileID: 114397973709392079}
  m_Layer: 8
  m_Name: Grass
  m_TagString: Ground
  m_Icon: {fileID: 0}
  m_NavMeshLayer: 0
  m_StaticEditorFlags: 0
  m_IsActive: 1
--- !u!4 &4907182353421674
Transform:
  m_ObjectHideFlags: 0
  m_PrefabParentObject: {fileID: 0}
  m_PrefabInternal: {fileID: 100100000}
  m_GameObject: {fileID: 1047482362077252}
  m_LocalRotation: {x: 0, y: 0, z: 0, w: 1}
  m_LocalPosition: {x: 96.44505, y: -6.0016546, z: 24.507812}
  m_LocalScale: {x: -2.1015713, y: 0.74999994, z: 1}
  m_Children: []
  m_Father: {fileID: 4300656666226075}
--- !u!33 &33221145132902800
MeshFilter:
  m_ObjectHideFlags: 0
  m_PrefabParentObject: {fileID: 0}
  m_PrefabInternal: {fileID: 100100000}
  m_GameObject: {fileID: 1047482362077252}
  m_Mesh: {fileID: 0}
--- !u!23 &23333288278184994
MeshRenderer:
  m_ObjectHideFlags: 0
  m_PrefabParentObject: {fileID: 0}
  m_PrefabInternal: {fileID: 100100000}
  m_GameObject: {fileID: 1047482362077252}
  m_Enabled: 1
  m_CastShadows: 1
  m_ReceiveShadows: 1
  m_LightmapIndex: 255
  m_LightmapTilingOffset: {x: 1, y: 1, z: 0, w: 0}
  m_Materials:
  - {fileID: 2100000, guid: 5d58c60a17e881546b159c4c5d275dfb, type: 2}
  m_SubsetIndices: []
  m_StaticBatchRoot: {fileID: 0}
  m_UseLightProbes: 0
  m_LightProbeAnchor: {fileID: 0}
  m_ScaleInLightmap: 1
--- !u!114 &114397973709392079
MonoBehaviour:
  m_ObjectHideFlags: 0
  m_PrefabParentObject: {fileID: 0}
  m_PrefabInternal: {fileID: 100100000}
  m_GameObject: {fileID: 1047482362077252}
  m_Enabled: 1
  m_EditorHideFlags: 0
  m_Script: {fileID: 11500000, guid: 04a340c55c247513cbdc1b4d88bbdbae, type: 3}
  m_Name:
  m_textureWidth: 256
  m_textureHeight: 128
  m_scale: 1
  m_spriteWidth: 256
  m_spriteHeight: 128
  m_UVx: 4
  m_UVy: 4
  m_width: 8
  m_height: 4
  m_atlasGridSubdivisions: 32
  m_updateCollider: 1
  m_uvRect:
    serializedVersion: 2
    x: 0.12548828
    y: 0.12548828
    width: 0.24902344
    height: 0.12402344
--- !u!1 &1227655049637849
GameObject:
  serializedVersion: 3
  m_ObjectHideFlags: 0
  m_PrefabParentObject: {fileID: 0}
  m_PrefabInternal: {fileID: 100100000}
  m_Component:
  - 4: {fileID: 4526395944295264}
  - 33: {fileID: 33241576681011573}
  - 23: {fileID: 23118865502711272}
  - 114: {fileID: 114285570482410841}
  m_Layer: 8
  m_Name: Grass
  m_TagString: Ground
  m_Icon: {fileID: 0}
  m_NavMeshLayer: 0
  m_StaticEditorFlags: 0
  m_IsActive: 1
--- !u!4 &4526395944295264
Transform:
  m_ObjectHideFlags: 0
  m_PrefabParentObject: {fileID: 0}
  m_PrefabInternal: {fileID: 100100000}
  m_GameObject: {fileID: 1227655049637849}
  m_LocalRotation: {x: 0, y: 0, z: 0, w: 1}
  m_LocalPosition: {x: 82.81489, y: -6.0016546, z: 24.507812}
  m_LocalScale: {x: 2.2, y: 0.74999994, z: 1}
  m_Children: []
  m_Father: {fileID: 4300656666226075}
--- !u!33 &33241576681011573
MeshFilter:
  m_ObjectHideFlags: 0
  m_PrefabParentObject: {fileID: 0}
  m_PrefabInternal: {fileID: 100100000}
  m_GameObject: {fileID: 1227655049637849}
  m_Mesh: {fileID: 0}
--- !u!23 &23118865502711272
MeshRenderer:
  m_ObjectHideFlags: 0
  m_PrefabParentObject: {fileID: 0}
  m_PrefabInternal: {fileID: 100100000}
  m_GameObject: {fileID: 1227655049637849}
  m_Enabled: 1
  m_CastShadows: 1
  m_ReceiveShadows: 1
  m_LightmapIndex: 255
  m_LightmapTilingOffset: {x: 1, y: 1, z: 0, w: 0}
  m_Materials:
  - {fileID: 2100000, guid: 5d58c60a17e881546b159c4c5d275dfb, type: 2}
  m_SubsetIndices: []
  m_StaticBatchRoot: {fileID: 0}
  m_UseLightProbes: 0
  m_LightProbeAnchor: {fileID: 0}
  m_ScaleInLightmap: 1
--- !u!114 &114285570482410841
MonoBehaviour:
  m_ObjectHideFlags: 0
  m_PrefabParentObject: {fileID: 0}
  m_PrefabInternal: {fileID: 100100000}
  m_GameObject: {fileID: 1227655049637849}
  m_Enabled: 1
  m_EditorHideFlags: 0
  m_Script: {fileID: 11500000, guid: 04a340c55c247513cbdc1b4d88bbdbae, type: 3}
  m_Name:
  m_textureWidth: 256
  m_textureHeight: 128
  m_scale: 1
  m_spriteWidth: 256
  m_spriteHeight: 128
  m_UVx: 4
  m_UVy: 4
  m_width: 8
  m_height: 4
  m_atlasGridSubdivisions: 32
  m_updateCollider: 1
  m_uvRect:
    serializedVersion: 2
    x: 0.12548828
    y: 0.12548828
    width: 0.24902344
    height: 0.12402344
--- !u!1 &1882158805386277
GameObject:
  serializedVersion: 3
  m_ObjectHideFlags: 0
  m_PrefabParentObject: {fileID: 0}
  m_PrefabInternal: {fileID: 100100000}
  m_Component:
  - 4: {fileID: 4604266156512441}
  - 65: {fileID: 65448474754577833}
  m_Layer: 0
  m_Name: GroundCollider
  m_TagString: Untagged
  m_Icon: {fileID: 0}
  m_NavMeshLayer: 0
  m_StaticEditorFlags: 0
  m_IsActive: 1
--- !u!4 &4604266156512441
Transform:
  m_ObjectHideFlags: 0
  m_PrefabParentObject: {fileID: 0}
  m_PrefabInternal: {fileID: 100100000}
  m_GameObject: {fileID: 1882158805386277}
  m_LocalRotation: {x: 0, y: 0, z: 0, w: 1}
  m_LocalPosition: {x: -4.3401084, y: -5.910392, z: 24.445625}
  m_LocalScale: {x: 1, y: 0.70977086, z: 1}
  m_Children: []
  m_Father: {fileID: 4300656666226075}
--- !u!65 &65448474754577833
BoxCollider:
  serializedVersion: 2
  m_ObjectHideFlags: 0
  m_PrefabParentObject: {fileID: 0}
  m_PrefabInternal: {fileID: 100100000}
  m_GameObject: {fileID: 1882158805386277}
  m_Material: {fileID: 0}
  m_IsTrigger: 0
  m_Enabled: 1
  m_Size: {x: 188, y: 1, z: 4}
  m_Center: {x: 14.18, y: 0.48, z: 0}
--- !u!1 &1065218014340773
GameObject:
  serializedVersion: 3
  m_ObjectHideFlags: 0
  m_PrefabParentObject: {fileID: 0}
  m_PrefabInternal: {fileID: 100100000}
  m_Component:
  - 4: {fileID: 4283247101513158}
  m_Layer: 0
  m_Name: BGLayerNear
  m_TagString: ParallaxLayerNear
  m_Icon: {fileID: 0}
  m_NavMeshLayer: 0
  m_StaticEditorFlags: 0
  m_IsActive: 1
--- !u!4 &4283247101513158
Transform:
  m_ObjectHideFlags: 0
  m_PrefabParentObject: {fileID: 0}
  m_PrefabInternal: {fileID: 100100000}
  m_GameObject: {fileID: 1065218014340773}
  m_LocalRotation: {x: 0, y: 0, z: 0, w: 1}
  m_LocalPosition: {x: -7, y: 3.6243992, z: 50}
  m_LocalScale: {x: 1, y: 1, z: 1}
  m_Children:
  - {fileID: 4041912232331899}
  - {fileID: 4569528200568871}
  - {fileID: 4753127696180197}
  - {fileID: 4480437666906635}
  - {fileID: 4629286564496399}
  - {fileID: 4564681886676899}
  - {fileID: 4087780476642527}
  - {fileID: 4093010812755780}
  m_Father: {fileID: 4881614501584305}
--- !u!1 &1561454946828629
GameObject:
  serializedVersion: 3
  m_ObjectHideFlags: 0
  m_PrefabParentObject: {fileID: 0}
  m_PrefabInternal: {fileID: 100100000}
  m_Component:
  - 4: {fileID: 4041912232331899}
  - 33: {fileID: 33279847721033636}
  - 23: {fileID: 23334569290234940}
  - 114: {fileID: 114764009970544779}
  m_Layer: 0
  m_Name: Background_Near_fill
  m_TagString: Untagged
  m_Icon: {fileID: 0}
  m_NavMeshLayer: 0
  m_StaticEditorFlags: 0
  m_IsActive: 1
--- !u!4 &4041912232331899
Transform:
  m_ObjectHideFlags: 0
  m_PrefabParentObject: {fileID: 0}
  m_PrefabInternal: {fileID: 100100000}
  m_GameObject: {fileID: 1561454946828629}
  m_LocalRotation: {x: 0, y: 0, z: 0, w: 1}
  m_LocalPosition: {x: 0, y: -9, z: -44}
  m_LocalScale: {x: 112.1, y: 6.125008, z: 1}
  m_Children: []
  m_Father: {fileID: 4283247101513158}
--- !u!33 &33279847721033636
MeshFilter:
  m_ObjectHideFlags: 0
  m_PrefabParentObject: {fileID: 0}
  m_PrefabInternal: {fileID: 100100000}
  m_GameObject: {fileID: 1561454946828629}
  m_Mesh: {fileID: 0}
--- !u!23 &23334569290234940
MeshRenderer:
  m_ObjectHideFlags: 0
  m_PrefabParentObject: {fileID: 0}
  m_PrefabInternal: {fileID: 100100000}
  m_GameObject: {fileID: 1561454946828629}
  m_Enabled: 1
  m_CastShadows: 1
  m_ReceiveShadows: 1
  m_LightmapIndex: 255
  m_LightmapTilingOffset: {x: 1, y: 1, z: 0, w: 0}
  m_Materials:
  - {fileID: 2100000, guid: 5d58c60a17e881546b159c4c5d275dfb, type: 2}
  m_SubsetIndices: []
  m_StaticBatchRoot: {fileID: 0}
  m_UseLightProbes: 0
  m_LightProbeAnchor: {fileID: 0}
  m_ScaleInLightmap: 1
--- !u!114 &114764009970544779
MonoBehaviour:
  m_ObjectHideFlags: 0
  m_PrefabParentObject: {fileID: 0}
  m_PrefabInternal: {fileID: 100100000}
  m_GameObject: {fileID: 1561454946828629}
  m_Enabled: 1
  m_EditorHideFlags: 0
  m_Script: {fileID: 11500000, guid: 04a340c55c247513cbdc1b4d88bbdbae, type: 3}
  m_Name:
  m_textureWidth: 64
  m_textureHeight: 64
  m_scale: 1
  m_spriteWidth: 64
  m_spriteHeight: 64
  m_UVx: 7
  m_UVy: 4
  m_width: 1
  m_height: 1
  m_atlasGridSubdivisions: 16
  m_updateCollider: 1
  m_uvRect:
    serializedVersion: 2
    x: 0.43798828
    y: 0.25048828
    width: 0.061523438
    height: 0.061523438
--- !u!1 &1128560941548870
GameObject:
  serializedVersion: 3
  m_ObjectHideFlags: 0
  m_PrefabParentObject: {fileID: 0}
  m_PrefabInternal: {fileID: 100100000}
  m_Component:
  - 4: {fileID: 4569528200568871}
  - 33: {fileID: 33351975795096262}
  - 23: {fileID: 23063267013438875}
  - 114: {fileID: 114374229354103343}
  m_Layer: 0
  m_Name: Background_Plateau_02
  m_TagString: Untagged
  m_Icon: {fileID: 0}
  m_NavMeshLayer: 0
  m_StaticEditorFlags: 0
  m_IsActive: 1
--- !u!4 &4569528200568871
Transform:
  m_ObjectHideFlags: 0
  m_PrefabParentObject: {fileID: 0}
  m_PrefabInternal: {fileID: 100100000}
  m_GameObject: {fileID: 1128560941548870}
  m_LocalRotation: {x: 0, y: 0, z: 0, w: 1}
  m_LocalPosition: {x: -80, y: -1, z: -44}
  m_LocalScale: {x: 1, y: 1, z: 1}
  m_Children: []
  m_Father: {fileID: 4283247101513158}
--- !u!33 &33351975795096262
MeshFilter:
  m_ObjectHideFlags: 0
  m_PrefabParentObject: {fileID: 0}
  m_PrefabInternal: {fileID: 100100000}
  m_GameObject: {fileID: 1128560941548870}
  m_Mesh: {fileID: 0}
--- !u!23 &23063267013438875
MeshRenderer:
  m_ObjectHideFlags: 0
  m_PrefabParentObject: {fileID: 0}
  m_PrefabInternal: {fileID: 100100000}
  m_GameObject: {fileID: 1128560941548870}
  m_Enabled: 1
  m_CastShadows: 1
  m_ReceiveShadows: 1
  m_LightmapIndex: 255
  m_LightmapTilingOffset: {x: 1, y: 1, z: 0, w: 0}
  m_Materials:
  - {fileID: 2100000, guid: 5d58c60a17e881546b159c4c5d275dfb, type: 2}
  m_SubsetIndices: []
  m_StaticBatchRoot: {fileID: 0}
  m_UseLightProbes: 0
  m_LightProbeAnchor: {fileID: 0}
  m_ScaleInLightmap: 1
--- !u!114 &114374229354103343
MonoBehaviour:
  m_ObjectHideFlags: 0
  m_PrefabParentObject: {fileID: 0}
  m_PrefabInternal: {fileID: 100100000}
  m_GameObject: {fileID: 1128560941548870}
  m_Enabled: 1
  m_EditorHideFlags: 0
  m_Script: {fileID: 11500000, guid: 04a340c55c247513cbdc1b4d88bbdbae, type: 3}
  m_Name:
  m_textureWidth: 1024
  m_textureHeight: 256
  m_scale: 1
  m_spriteWidth: 1024
  m_spriteHeight: 256
  m_UVx: 0
  m_UVy: 2
  m_width: 8
  m_height: 2
  m_atlasGridSubdivisions: 8
  m_updateCollider: 1
  m_uvRect:
    serializedVersion: 2
    x: 0.00048828125
    y: 0.25048828
    width: 0.99902344
    height: 0.24902344
--- !u!1 &1661583516205255
GameObject:
  serializedVersion: 3
  m_ObjectHideFlags: 0
  m_PrefabParentObject: {fileID: 0}
  m_PrefabInternal: {fileID: 100100000}
  m_Component:
  - 4: {fileID: 4753127696180197}
  - 33: {fileID: 33156260026831439}
  - 23: {fileID: 23427357841499297}
  - 114: {fileID: 114740243653089398}
  m_Layer: 0
  m_Name: Background_Plateau_02
  m_TagString: Untagged
  m_Icon: {fileID: 0}
  m_NavMeshLayer: 0
  m_StaticEditorFlags: 0
  m_IsActive: 1
--- !u!4 &4753127696180197
Transform:
  m_ObjectHideFlags: 0
  m_PrefabParentObject: {fileID: 0}
  m_PrefabInternal: {fileID: 100100000}
  m_GameObject: {fileID: 1661583516205255}
  m_LocalRotation: {x: 0, y: 0, z: 0, w: 1}
  m_LocalPosition: {x: -53.35, y: -1, z: -44}
  m_LocalScale: {x: 1.02, y: 1, z: 1}
  m_Children: []
  m_Father: {fileID: 4283247101513158}
--- !u!33 &33156260026831439
MeshFilter:
  m_ObjectHideFlags: 0
  m_PrefabParentObject: {fileID: 0}
  m_PrefabInternal: {fileID: 100100000}
  m_GameObject: {fileID: 1661583516205255}
  m_Mesh: {fileID: 0}
--- !u!23 &23427357841499297
MeshRenderer:
  m_ObjectHideFlags: 0
  m_PrefabParentObject: {fileID: 0}
  m_PrefabInternal: {fileID: 100100000}
  m_GameObject: {fileID: 1661583516205255}
  m_Enabled: 1
  m_CastShadows: 1
  m_ReceiveShadows: 1
  m_LightmapIndex: 255
  m_LightmapTilingOffset: {x: 1, y: 1, z: 0, w: 0}
  m_Materials:
  - {fileID: 2100000, guid: 5d58c60a17e881546b159c4c5d275dfb, type: 2}
  m_SubsetIndices: []
  m_StaticBatchRoot: {fileID: 0}
  m_UseLightProbes: 0
  m_LightProbeAnchor: {fileID: 0}
  m_ScaleInLightmap: 1
--- !u!114 &114740243653089398
MonoBehaviour:
  m_ObjectHideFlags: 0
  m_PrefabParentObject: {fileID: 0}
  m_PrefabInternal: {fileID: 100100000}
  m_GameObject: {fileID: 1661583516205255}
  m_Enabled: 1
  m_EditorHideFlags: 0
  m_Script: {fileID: 11500000, guid: 04a340c55c247513cbdc1b4d88bbdbae, type: 3}
  m_Name:
  m_textureWidth: 1024
  m_textureHeight: 256
  m_scale: 1
  m_spriteWidth: 1024
  m_spriteHeight: 256
  m_UVx: 0
  m_UVy: 2
  m_width: 8
  m_height: 2
  m_atlasGridSubdivisions: 8
  m_updateCollider: 1
  m_uvRect:
    serializedVersion: 2
    x: 0.00048828125
    y: 0.25048828
    width: 0.99902344
    height: 0.24902344
--- !u!1 &1899546663150798
GameObject:
  serializedVersion: 3
  m_ObjectHideFlags: 0
  m_PrefabParentObject: {fileID: 0}
  m_PrefabInternal: {fileID: 100100000}
  m_Component:
  - 4: {fileID: 4480437666906635}
  - 33: {fileID: 33089591221380415}
  - 23: {fileID: 23284036057346626}
  - 114: {fileID: 114708933021724224}
  m_Layer: 0
  m_Name: Background_Plateau_02
  m_TagString: Untagged
  m_Icon: {fileID: 0}
  m_NavMeshLayer: 0
  m_StaticEditorFlags: 0
  m_IsActive: 1
--- !u!4 &4480437666906635
Transform:
  m_ObjectHideFlags: 0
  m_PrefabParentObject: {fileID: 0}
  m_PrefabInternal: {fileID: 100100000}
  m_GameObject: {fileID: 1899546663150798}
  m_LocalRotation: {x: 0, y: 0, z: 0, w: 1}
  m_LocalPosition: {x: -26.678623, y: -1, z: -44}
  m_LocalScale: {x: 1, y: 1, z: 1}
  m_Children: []
  m_Father: {fileID: 4283247101513158}
--- !u!33 &33089591221380415
MeshFilter:
  m_ObjectHideFlags: 0
  m_PrefabParentObject: {fileID: 0}
  m_PrefabInternal: {fileID: 100100000}
  m_GameObject: {fileID: 1899546663150798}
  m_Mesh: {fileID: 0}
--- !u!23 &23284036057346626
MeshRenderer:
  m_ObjectHideFlags: 0
  m_PrefabParentObject: {fileID: 0}
  m_PrefabInternal: {fileID: 100100000}
  m_GameObject: {fileID: 1899546663150798}
  m_Enabled: 1
  m_CastShadows: 1
  m_ReceiveShadows: 1
  m_LightmapIndex: 255
  m_LightmapTilingOffset: {x: 1, y: 1, z: 0, w: 0}
  m_Materials:
  - {fileID: 2100000, guid: 5d58c60a17e881546b159c4c5d275dfb, type: 2}
  m_SubsetIndices: []
  m_StaticBatchRoot: {fileID: 0}
  m_UseLightProbes: 0
  m_LightProbeAnchor: {fileID: 0}
  m_ScaleInLightmap: 1
--- !u!114 &114708933021724224
MonoBehaviour:
  m_ObjectHideFlags: 0
  m_PrefabParentObject: {fileID: 0}
  m_PrefabInternal: {fileID: 100100000}
  m_GameObject: {fileID: 1899546663150798}
  m_Enabled: 1
  m_EditorHideFlags: 0
  m_Script: {fileID: 11500000, guid: 04a340c55c247513cbdc1b4d88bbdbae, type: 3}
  m_Name:
  m_textureWidth: 1024
  m_textureHeight: 256
  m_scale: 1
  m_spriteWidth: 1024
  m_spriteHeight: 256
  m_UVx: 0
  m_UVy: 2
  m_width: 8
  m_height: 2
  m_atlasGridSubdivisions: 8
  m_updateCollider: 1
  m_uvRect:
    serializedVersion: 2
    x: 0.00048828125
    y: 0.25048828
    width: 0.99902344
    height: 0.24902344
--- !u!1 &1282021052004206
GameObject:
  serializedVersion: 3
  m_ObjectHideFlags: 0
  m_PrefabParentObject: {fileID: 0}
  m_PrefabInternal: {fileID: 100100000}
  m_Component:
  - 4: {fileID: 4629286564496399}
  - 33: {fileID: 33115104236483459}
  - 23: {fileID: 23973739750645776}
  - 114: {fileID: 114941199604599912}
  m_Layer: 0
  m_Name: Background_Plateau_02
  m_TagString: Untagged
  m_Icon: {fileID: 0}
  m_NavMeshLayer: 0
  m_StaticEditorFlags: 0
  m_IsActive: 1
--- !u!4 &4629286564496399
Transform:
  m_ObjectHideFlags: 0
  m_PrefabParentObject: {fileID: 0}
  m_PrefabInternal: {fileID: 100100000}
  m_GameObject: {fileID: 1282021052004206}
  m_LocalRotation: {x: 0, y: 0, z: 0, w: 1}
  m_LocalPosition: {x: -0.020618916, y: -1, z: -44}
  m_LocalScale: {x: 1, y: 1, z: 1}
  m_Children: []
  m_Father: {fileID: 4283247101513158}
--- !u!33 &33115104236483459
MeshFilter:
  m_ObjectHideFlags: 0
  m_PrefabParentObject: {fileID: 0}
  m_PrefabInternal: {fileID: 100100000}
  m_GameObject: {fileID: 1282021052004206}
  m_Mesh: {fileID: 0}
--- !u!23 &23973739750645776
MeshRenderer:
  m_ObjectHideFlags: 0
  m_PrefabParentObject: {fileID: 0}
  m_PrefabInternal: {fileID: 100100000}
  m_GameObject: {fileID: 1282021052004206}
  m_Enabled: 1
  m_CastShadows: 1
  m_ReceiveShadows: 1
  m_LightmapIndex: 255
  m_LightmapTilingOffset: {x: 1, y: 1, z: 0, w: 0}
  m_Materials:
  - {fileID: 2100000, guid: 5d58c60a17e881546b159c4c5d275dfb, type: 2}
  m_SubsetIndices: []
  m_StaticBatchRoot: {fileID: 0}
  m_UseLightProbes: 0
  m_LightProbeAnchor: {fileID: 0}
  m_ScaleInLightmap: 1
--- !u!114 &114941199604599912
MonoBehaviour:
  m_ObjectHideFlags: 0
  m_PrefabParentObject: {fileID: 0}
  m_PrefabInternal: {fileID: 100100000}
  m_GameObject: {fileID: 1282021052004206}
  m_Enabled: 1
  m_EditorHideFlags: 0
  m_Script: {fileID: 11500000, guid: 04a340c55c247513cbdc1b4d88bbdbae, type: 3}
  m_Name:
  m_textureWidth: 1024
  m_textureHeight: 256
  m_scale: 1
  m_spriteWidth: 1024
  m_spriteHeight: 256
  m_UVx: 0
  m_UVy: 2
  m_width: 8
  m_height: 2
  m_atlasGridSubdivisions: 8
  m_updateCollider: 1
  m_uvRect:
    serializedVersion: 2
    x: 0.00048828125
    y: 0.25048828
    width: 0.99902344
    height: 0.24902344
--- !u!1 &1236834266458199
GameObject:
  serializedVersion: 3
  m_ObjectHideFlags: 0
  m_PrefabParentObject: {fileID: 0}
  m_PrefabInternal: {fileID: 100100000}
  m_Component:
  - 4: {fileID: 4564681886676899}
  - 33: {fileID: 33855043347938044}
  - 23: {fileID: 23655341271570690}
  - 114: {fileID: 114832103536983367}
  m_Layer: 0
  m_Name: Background_Plateau_02
  m_TagString: Untagged
  m_Icon: {fileID: 0}
  m_NavMeshLayer: 0
  m_StaticEditorFlags: 0
  m_IsActive: 1
--- !u!4 &4564681886676899
Transform:
  m_ObjectHideFlags: 0
  m_PrefabParentObject: {fileID: 0}
  m_PrefabInternal: {fileID: 100100000}
  m_GameObject: {fileID: 1236834266458199}
  m_LocalRotation: {x: 0, y: 0, z: 0, w: 1}
  m_LocalPosition: {x: 26.624994, y: -1, z: -44}
  m_LocalScale: {x: 1, y: 1, z: 1}
  m_Children: []
  m_Father: {fileID: 4283247101513158}
--- !u!33 &33855043347938044
MeshFilter:
  m_ObjectHideFlags: 0
  m_PrefabParentObject: {fileID: 0}
  m_PrefabInternal: {fileID: 100100000}
  m_GameObject: {fileID: 1236834266458199}
  m_Mesh: {fileID: 0}
--- !u!23 &23655341271570690
MeshRenderer:
  m_ObjectHideFlags: 0
  m_PrefabParentObject: {fileID: 0}
  m_PrefabInternal: {fileID: 100100000}
  m_GameObject: {fileID: 1236834266458199}
  m_Enabled: 1
  m_CastShadows: 1
  m_ReceiveShadows: 1
  m_LightmapIndex: 255
  m_LightmapTilingOffset: {x: 1, y: 1, z: 0, w: 0}
  m_Materials:
  - {fileID: 2100000, guid: 5d58c60a17e881546b159c4c5d275dfb, type: 2}
  m_SubsetIndices: []
  m_StaticBatchRoot: {fileID: 0}
  m_UseLightProbes: 0
  m_LightProbeAnchor: {fileID: 0}
  m_ScaleInLightmap: 1
--- !u!114 &114832103536983367
MonoBehaviour:
  m_ObjectHideFlags: 0
  m_PrefabParentObject: {fileID: 0}
  m_PrefabInternal: {fileID: 100100000}
  m_GameObject: {fileID: 1236834266458199}
  m_Enabled: 1
  m_EditorHideFlags: 0
  m_Script: {fileID: 11500000, guid: 04a340c55c247513cbdc1b4d88bbdbae, type: 3}
  m_Name:
  m_textureWidth: 1024
  m_textureHeight: 256
  m_scale: 1
  m_spriteWidth: 1024
  m_spriteHeight: 256
  m_UVx: 0
  m_UVy: 2
  m_width: 8
  m_height: 2
  m_atlasGridSubdivisions: 8
  m_updateCollider: 1
  m_uvRect:
    serializedVersion: 2
    x: 0.00048828125
    y: 0.25048828
    width: 0.99902344
    height: 0.24902344
--- !u!1 &1272610177110731
GameObject:
  serializedVersion: 3
  m_ObjectHideFlags: 0
  m_PrefabParentObject: {fileID: 0}
  m_PrefabInternal: {fileID: 100100000}
  m_Component:
  - 4: {fileID: 4087780476642527}
  - 33: {fileID: 33346839744568833}
  - 23: {fileID: 23151264648708366}
  - 114: {fileID: 114149629609828460}
  m_Layer: 0
  m_Name: Background_Plateau_02
  m_TagString: Untagged
  m_Icon: {fileID: 0}
  m_NavMeshLayer: 0
  m_StaticEditorFlags: 0
  m_IsActive: 1
--- !u!4 &4087780476642527
Transform:
  m_ObjectHideFlags: 0
  m_PrefabParentObject: {fileID: 0}
  m_PrefabInternal: {fileID: 100100000}
  m_GameObject: {fileID: 1272610177110731}
  m_LocalRotation: {x: 0, y: 0, z: 0, w: 1}
  m_LocalPosition: {x: 53.320644, y: -1, z: -44}
  m_LocalScale: {x: 1.01, y: 1, z: 1}
  m_Children: []
  m_Father: {fileID: 4283247101513158}
--- !u!33 &33346839744568833
MeshFilter:
  m_ObjectHideFlags: 0
  m_PrefabParentObject: {fileID: 0}
  m_PrefabInternal: {fileID: 100100000}
  m_GameObject: {fileID: 1272610177110731}
  m_Mesh: {fileID: 0}
--- !u!23 &23151264648708366
MeshRenderer:
  m_ObjectHideFlags: 0
  m_PrefabParentObject: {fileID: 0}
  m_PrefabInternal: {fileID: 100100000}
  m_GameObject: {fileID: 1272610177110731}
  m_Enabled: 1
  m_CastShadows: 1
  m_ReceiveShadows: 1
  m_LightmapIndex: 255
  m_LightmapTilingOffset: {x: 1, y: 1, z: 0, w: 0}
  m_Materials:
  - {fileID: 2100000, guid: 5d58c60a17e881546b159c4c5d275dfb, type: 2}
  m_SubsetIndices: []
  m_StaticBatchRoot: {fileID: 0}
  m_UseLightProbes: 0
  m_LightProbeAnchor: {fileID: 0}
  m_ScaleInLightmap: 1
--- !u!114 &114149629609828460
MonoBehaviour:
  m_ObjectHideFlags: 0
  m_PrefabParentObject: {fileID: 0}
  m_PrefabInternal: {fileID: 100100000}
  m_GameObject: {fileID: 1272610177110731}
  m_Enabled: 1
  m_EditorHideFlags: 0
  m_Script: {fileID: 11500000, guid: 04a340c55c247513cbdc1b4d88bbdbae, type: 3}
  m_Name:
  m_textureWidth: 1024
  m_textureHeight: 256
  m_scale: 1
  m_spriteWidth: 1024
  m_spriteHeight: 256
  m_UVx: 0
  m_UVy: 2
  m_width: 8
  m_height: 2
  m_atlasGridSubdivisions: 8
  m_updateCollider: 1
  m_uvRect:
    serializedVersion: 2
    x: 0.00048828125
    y: 0.25048828
    width: 0.99902344
    height: 0.24902344
--- !u!1 &1625442574665817
GameObject:
  serializedVersion: 3
  m_ObjectHideFlags: 0
  m_PrefabParentObject: {fileID: 0}
  m_PrefabInternal: {fileID: 100100000}
  m_Component:
  - 4: {fileID: 4093010812755780}
  - 33: {fileID: 33139037271903946}
  - 23: {fileID: 23669469402026843}
  - 114: {fileID: 114787766452022263}
  m_Layer: 0
  m_Name: Background_Plateau_02
  m_TagString: Untagged
  m_Icon: {fileID: 0}
  m_NavMeshLayer: 0
  m_StaticEditorFlags: 0
  m_IsActive: 1
--- !u!4 &4093010812755780
Transform:
  m_ObjectHideFlags: 0
  m_PrefabParentObject: {fileID: 0}
  m_PrefabInternal: {fileID: 100100000}
  m_GameObject: {fileID: 1625442574665817}
  m_LocalRotation: {x: 0, y: 0, z: 0, w: 1}
  m_LocalPosition: {x: 80.04132, y: -1, z: -44}
  m_LocalScale: {x: 1, y: 1, z: 1}
  m_Children: []
  m_Father: {fileID: 4283247101513158}
--- !u!33 &33139037271903946
MeshFilter:
  m_ObjectHideFlags: 0
  m_PrefabParentObject: {fileID: 0}
  m_PrefabInternal: {fileID: 100100000}
  m_GameObject: {fileID: 1625442574665817}
  m_Mesh: {fileID: 0}
--- !u!23 &23669469402026843
MeshRenderer:
  m_ObjectHideFlags: 0
  m_PrefabParentObject: {fileID: 0}
  m_PrefabInternal: {fileID: 100100000}
  m_GameObject: {fileID: 1625442574665817}
  m_Enabled: 1
  m_CastShadows: 1
  m_ReceiveShadows: 1
  m_LightmapIndex: 255
  m_LightmapTilingOffset: {x: 1, y: 1, z: 0, w: 0}
  m_Materials:
  - {fileID: 2100000, guid: 5d58c60a17e881546b159c4c5d275dfb, type: 2}
  m_SubsetIndices: []
  m_StaticBatchRoot: {fileID: 0}
  m_UseLightProbes: 0
  m_LightProbeAnchor: {fileID: 0}
  m_ScaleInLightmap: 1
--- !u!114 &114787766452022263
MonoBehaviour:
  m_ObjectHideFlags: 0
  m_PrefabParentObject: {fileID: 0}
  m_PrefabInternal: {fileID: 100100000}
  m_GameObject: {fileID: 1625442574665817}
  m_Enabled: 1
  m_EditorHideFlags: 0
  m_Script: {fileID: 11500000, guid: 04a340c55c247513cbdc1b4d88bbdbae, type: 3}
  m_Name:
  m_textureWidth: 1024
  m_textureHeight: 256
  m_scale: 1
  m_spriteWidth: 1024
  m_spriteHeight: 256
  m_UVx: 0
  m_UVy: 2
  m_width: 8
  m_height: 2
  m_atlasGridSubdivisions: 8
  m_updateCollider: 1
  m_uvRect:
    serializedVersion: 2
    x: 0.00048828125
    y: 0.25048828
    width: 0.99902344
    height: 0.24902344
--- !u!1 &1655723648615071
GameObject:
  serializedVersion: 3
  m_ObjectHideFlags: 0
  m_PrefabParentObject: {fileID: 0}
  m_PrefabInternal: {fileID: 100100000}
  m_Component:
  - 4: {fileID: 4086892655361423}
  m_Layer: 0
  m_Name: BGLayerFar
  m_TagString: ParallaxLayerFar
  m_Icon: {fileID: 0}
  m_NavMeshLayer: 0
  m_StaticEditorFlags: 0
  m_IsActive: 1
--- !u!4 &4086892655361423
Transform:
  m_ObjectHideFlags: 0
  m_PrefabParentObject: {fileID: 0}
  m_PrefabInternal: {fileID: 100100000}
  m_GameObject: {fileID: 1655723648615071}
  m_LocalRotation: {x: 0, y: 0, z: 0, w: 1}
  m_LocalPosition: {x: 66, y: 15.343164, z: 60}
  m_LocalScale: {x: 1, y: 1, z: 1}
  m_Children:
  - {fileID: 4649447495891599}
  - {fileID: 4827820015676781}
  - {fileID: 4295095564862477}
  - {fileID: 4833138114717845}
  - {fileID: 4012565360754395}
  - {fileID: 4615443646569190}
  - {fileID: 4195741808109725}
  - {fileID: 4040526542471262}
  m_Father: {fileID: 4881614501584305}
--- !u!1 &1365520902241920
GameObject:
  serializedVersion: 3
  m_ObjectHideFlags: 0
  m_PrefabParentObject: {fileID: 0}
  m_PrefabInternal: {fileID: 100100000}
  m_Component:
  - 4: {fileID: 4649447495891599}
  - 33: {fileID: 33557860564137386}
  - 23: {fileID: 23543088293221286}
  - 114: {fileID: 114319042402675385}
  m_Layer: 0
  m_Name: Background_Far_fill
  m_TagString: Untagged
  m_Icon: {fileID: 0}
  m_NavMeshLayer: 0
  m_StaticEditorFlags: 0
  m_IsActive: 1
--- !u!4 &4649447495891599
Transform:
  m_ObjectHideFlags: 0
  m_PrefabParentObject: {fileID: 0}
  m_PrefabInternal: {fileID: 100100000}
  m_GameObject: {fileID: 1365520902241920}
  m_LocalRotation: {x: 0, y: 0, z: 0, w: 1}
  m_LocalPosition: {x: -73, y: -16, z: -50}
  m_LocalScale: {x: 112.01, y: 6.125008, z: 1}
  m_Children: []
  m_Father: {fileID: 4086892655361423}
--- !u!33 &33557860564137386
MeshFilter:
  m_ObjectHideFlags: 0
  m_PrefabParentObject: {fileID: 0}
  m_PrefabInternal: {fileID: 100100000}
  m_GameObject: {fileID: 1365520902241920}
  m_Mesh: {fileID: 0}
--- !u!23 &23543088293221286
MeshRenderer:
  m_ObjectHideFlags: 0
  m_PrefabParentObject: {fileID: 0}
  m_PrefabInternal: {fileID: 100100000}
  m_GameObject: {fileID: 1365520902241920}
  m_Enabled: 1
  m_CastShadows: 1
  m_ReceiveShadows: 1
  m_LightmapIndex: 255
  m_LightmapTilingOffset: {x: 1, y: 1, z: 0, w: 0}
  m_Materials:
  - {fileID: 2100000, guid: 5d58c60a17e881546b159c4c5d275dfb, type: 2}
  m_SubsetIndices: []
  m_StaticBatchRoot: {fileID: 0}
  m_UseLightProbes: 0
  m_LightProbeAnchor: {fileID: 0}
  m_ScaleInLightmap: 1
--- !u!114 &114319042402675385
MonoBehaviour:
  m_ObjectHideFlags: 0
  m_PrefabParentObject: {fileID: 0}
  m_PrefabInternal: {fileID: 100100000}
  m_GameObject: {fileID: 1365520902241920}
  m_Enabled: 1
  m_EditorHideFlags: 0
  m_Script: {fileID: 11500000, guid: 04a340c55c247513cbdc1b4d88bbdbae, type: 3}
  m_Name:
  m_textureWidth: 64
  m_textureHeight: 64
  m_scale: 1
  m_spriteWidth: 64
  m_spriteHeight: 64
  m_UVx: 9
  m_UVy: 8
  m_width: 1
  m_height: 1
  m_atlasGridSubdivisions: 16
  m_updateCollider: 1
  m_uvRect:
    serializedVersion: 2
    x: 0.5629883
    y: 0.5004883
    width: 0.061523438
    height: 0.061523438
--- !u!1 &1413530146719548
GameObject:
  serializedVersion: 3
  m_ObjectHideFlags: 0
  m_PrefabParentObject: {fileID: 0}
  m_PrefabInternal: {fileID: 100100000}
  m_Component:
  - 4: {fileID: 4827820015676781}
  - 33: {fileID: 33279107241282292}
  - 23: {fileID: 23947246850843183}
  - 114: {fileID: 114035424073666206}
  m_Layer: 0
  m_Name: Background_Plateau_01
  m_TagString: Untagged
  m_Icon: {fileID: 0}
  m_NavMeshLayer: 0
  m_StaticEditorFlags: 0
  m_IsActive: 1
--- !u!4 &4827820015676781
Transform:
  m_ObjectHideFlags: 0
  m_PrefabParentObject: {fileID: 0}
  m_PrefabInternal: {fileID: 100100000}
  m_GameObject: {fileID: 1413530146719548}
  m_LocalRotation: {x: 0, y: 0, z: 0, w: 1}
  m_LocalPosition: {x: -153, y: -8, z: -50}
  m_LocalScale: {x: 1, y: 0.5, z: 1}
  m_Children: []
  m_Father: {fileID: 4086892655361423}
--- !u!33 &33279107241282292
MeshFilter:
  m_ObjectHideFlags: 0
  m_PrefabParentObject: {fileID: 0}
  m_PrefabInternal: {fileID: 100100000}
  m_GameObject: {fileID: 1413530146719548}
  m_Mesh: {fileID: 0}
--- !u!23 &23947246850843183
MeshRenderer:
  m_ObjectHideFlags: 0
  m_PrefabParentObject: {fileID: 0}
  m_PrefabInternal: {fileID: 100100000}
  m_GameObject: {fileID: 1413530146719548}
  m_Enabled: 1
  m_CastShadows: 1
  m_ReceiveShadows: 1
  m_LightmapIndex: 255
  m_LightmapTilingOffset: {x: 1, y: 1, z: 0, w: 0}
  m_Materials:
  - {fileID: 2100000, guid: 5d58c60a17e881546b159c4c5d275dfb, type: 2}
  m_SubsetIndices: []
  m_StaticBatchRoot: {fileID: 0}
  m_UseLightProbes: 0
  m_LightProbeAnchor: {fileID: 0}
  m_ScaleInLightmap: 1
--- !u!114 &114035424073666206
MonoBehaviour:
  m_ObjectHideFlags: 0
  m_PrefabParentObject: {fileID: 0}
  m_PrefabInternal: {fileID: 100100000}
  m_GameObject: {fileID: 1413530146719548}
  m_Enabled: 1
  m_EditorHideFlags: 0
  m_Script: {fileID: 11500000, guid: 04a340c55c247513cbdc1b4d88bbdbae, type: 3}
  m_Name:
  m_textureWidth: 1024
  m_textureHeight: 512
  m_scale: 1
  m_spriteWidth: 1024
  m_spriteHeight: 512
  m_UVx: 0
  m_UVy: 4
  m_width: 8
  m_height: 4
  m_atlasGridSubdivisions: 8
  m_updateCollider: 1
  m_uvRect:
    serializedVersion: 2
    x: 0.00048828125
    y: 0.5004883
    width: 0.99902344
    height: 0.49902344
--- !u!1 &1826557086382684
GameObject:
  serializedVersion: 3
  m_ObjectHideFlags: 0
  m_PrefabParentObject: {fileID: 0}
  m_PrefabInternal: {fileID: 100100000}
  m_Component:
  - 4: {fileID: 4295095564862477}
  - 33: {fileID: 33238689088980175}
  - 23: {fileID: 23911247828011164}
  - 114: {fileID: 114779484967999605}
  m_Layer: 0
  m_Name: Background_Plateau_01
  m_TagString: Untagged
  m_Icon: {fileID: 0}
  m_NavMeshLayer: 0
  m_StaticEditorFlags: 0
  m_IsActive: 1
--- !u!4 &4295095564862477
Transform:
  m_ObjectHideFlags: 0
  m_PrefabParentObject: {fileID: 0}
  m_PrefabInternal: {fileID: 100100000}
  m_GameObject: {fileID: 1826557086382684}
  m_LocalRotation: {x: 0, y: 0, z: 0, w: 1}
  m_LocalPosition: {x: -126.36403, y: -8, z: -50}
  m_LocalScale: {x: 1.01, y: 0.5, z: 1}
  m_Children: []
  m_Father: {fileID: 4086892655361423}
--- !u!33 &33238689088980175
MeshFilter:
  m_ObjectHideFlags: 0
  m_PrefabParentObject: {fileID: 0}
  m_PrefabInternal: {fileID: 100100000}
  m_GameObject: {fileID: 1826557086382684}
  m_Mesh: {fileID: 0}
--- !u!23 &23911247828011164
MeshRenderer:
  m_ObjectHideFlags: 0
  m_PrefabParentObject: {fileID: 0}
  m_PrefabInternal: {fileID: 100100000}
  m_GameObject: {fileID: 1826557086382684}
  m_Enabled: 1
  m_CastShadows: 1
  m_ReceiveShadows: 1
  m_LightmapIndex: 255
  m_LightmapTilingOffset: {x: 1, y: 1, z: 0, w: 0}
  m_Materials:
  - {fileID: 2100000, guid: 5d58c60a17e881546b159c4c5d275dfb, type: 2}
  m_SubsetIndices: []
  m_StaticBatchRoot: {fileID: 0}
  m_UseLightProbes: 0
  m_LightProbeAnchor: {fileID: 0}
  m_ScaleInLightmap: 1
--- !u!114 &114779484967999605
MonoBehaviour:
  m_ObjectHideFlags: 0
  m_PrefabParentObject: {fileID: 0}
  m_PrefabInternal: {fileID: 100100000}
  m_GameObject: {fileID: 1826557086382684}
  m_Enabled: 1
  m_EditorHideFlags: 0
  m_Script: {fileID: 11500000, guid: 04a340c55c247513cbdc1b4d88bbdbae, type: 3}
  m_Name:
  m_textureWidth: 1024
  m_textureHeight: 512
  m_scale: 1
  m_spriteWidth: 1024
  m_spriteHeight: 512
  m_UVx: 0
  m_UVy: 4
  m_width: 8
  m_height: 4
  m_atlasGridSubdivisions: 8
  m_updateCollider: 1
  m_uvRect:
    serializedVersion: 2
    x: 0.00048828125
    y: 0.5004883
    width: 0.99902344
    height: 0.49902344
--- !u!1 &1920818792305323
GameObject:
  serializedVersion: 3
  m_ObjectHideFlags: 0
  m_PrefabParentObject: {fileID: 0}
  m_PrefabInternal: {fileID: 100100000}
  m_Component:
  - 4: {fileID: 4833138114717845}
  - 33: {fileID: 33363562094706191}
  - 23: {fileID: 23149733795480272}
  - 114: {fileID: 114518778014491463}
  m_Layer: 0
  m_Name: Background_Plateau_01
  m_TagString: Untagged
  m_Icon: {fileID: 0}
  m_NavMeshLayer: 0
  m_StaticEditorFlags: 0
  m_IsActive: 1
--- !u!4 &4833138114717845
Transform:
  m_ObjectHideFlags: 0
  m_PrefabParentObject: {fileID: 0}
  m_PrefabInternal: {fileID: 100100000}
  m_GameObject: {fileID: 1920818792305323}
  m_LocalRotation: {x: 0, y: 0, z: 0, w: 1}
  m_LocalPosition: {x: -99.71011, y: -8, z: -50}
  m_LocalScale: {x: 1, y: 0.5, z: 1}
  m_Children: []
  m_Father: {fileID: 4086892655361423}
--- !u!33 &33363562094706191
MeshFilter:
  m_ObjectHideFlags: 0
  m_PrefabParentObject: {fileID: 0}
  m_PrefabInternal: {fileID: 100100000}
  m_GameObject: {fileID: 1920818792305323}
  m_Mesh: {fileID: 0}
--- !u!23 &23149733795480272
MeshRenderer:
  m_ObjectHideFlags: 0
  m_PrefabParentObject: {fileID: 0}
  m_PrefabInternal: {fileID: 100100000}
  m_GameObject: {fileID: 1920818792305323}
  m_Enabled: 1
  m_CastShadows: 1
  m_ReceiveShadows: 1
  m_LightmapIndex: 255
  m_LightmapTilingOffset: {x: 1, y: 1, z: 0, w: 0}
  m_Materials:
  - {fileID: 2100000, guid: 5d58c60a17e881546b159c4c5d275dfb, type: 2}
  m_SubsetIndices: []
  m_StaticBatchRoot: {fileID: 0}
  m_UseLightProbes: 0
  m_LightProbeAnchor: {fileID: 0}
  m_ScaleInLightmap: 1
--- !u!114 &114518778014491463
MonoBehaviour:
  m_ObjectHideFlags: 0
  m_PrefabParentObject: {fileID: 0}
  m_PrefabInternal: {fileID: 100100000}
  m_GameObject: {fileID: 1920818792305323}
  m_Enabled: 1
  m_EditorHideFlags: 0
  m_Script: {fileID: 11500000, guid: 04a340c55c247513cbdc1b4d88bbdbae, type: 3}
  m_Name:
  m_textureWidth: 1024
  m_textureHeight: 512
  m_scale: 1
  m_spriteWidth: 1024
  m_spriteHeight: 512
  m_UVx: 0
  m_UVy: 4
  m_width: 8
  m_height: 4
  m_atlasGridSubdivisions: 8
  m_updateCollider: 1
  m_uvRect:
    serializedVersion: 2
    x: 0.00048828125
    y: 0.5004883
    width: 0.99902344
    height: 0.49902344
--- !u!1 &1711451282441316
GameObject:
  serializedVersion: 3
  m_ObjectHideFlags: 0
  m_PrefabParentObject: {fileID: 0}
  m_PrefabInternal: {fileID: 100100000}
  m_Component:
  - 4: {fileID: 4012565360754395}
  - 33: {fileID: 33615782513623206}
  - 23: {fileID: 23518362320656225}
  - 114: {fileID: 114728142678210695}
  m_Layer: 0
  m_Name: Background_Plateau_01
  m_TagString: Untagged
  m_Icon: {fileID: 0}
  m_NavMeshLayer: 0
  m_StaticEditorFlags: 0
  m_IsActive: 1
--- !u!4 &4012565360754395
Transform:
  m_ObjectHideFlags: 0
  m_PrefabParentObject: {fileID: 0}
  m_PrefabInternal: {fileID: 100100000}
  m_GameObject: {fileID: 1711451282441316}
  m_LocalRotation: {x: 0, y: 0, z: 0, w: 1}
  m_LocalPosition: {x: -73.03648, y: -8, z: -50}
  m_LocalScale: {x: 1.01, y: 0.5, z: 1}
  m_Children: []
  m_Father: {fileID: 4086892655361423}
--- !u!33 &33615782513623206
MeshFilter:
  m_ObjectHideFlags: 0
  m_PrefabParentObject: {fileID: 0}
  m_PrefabInternal: {fileID: 100100000}
  m_GameObject: {fileID: 1711451282441316}
  m_Mesh: {fileID: 0}
--- !u!23 &23518362320656225
MeshRenderer:
  m_ObjectHideFlags: 0
  m_PrefabParentObject: {fileID: 0}
  m_PrefabInternal: {fileID: 100100000}
  m_GameObject: {fileID: 1711451282441316}
  m_Enabled: 1
  m_CastShadows: 1
  m_ReceiveShadows: 1
  m_LightmapIndex: 255
  m_LightmapTilingOffset: {x: 1, y: 1, z: 0, w: 0}
  m_Materials:
  - {fileID: 2100000, guid: 5d58c60a17e881546b159c4c5d275dfb, type: 2}
  m_SubsetIndices: []
  m_StaticBatchRoot: {fileID: 0}
  m_UseLightProbes: 0
  m_LightProbeAnchor: {fileID: 0}
  m_ScaleInLightmap: 1
--- !u!114 &114728142678210695
MonoBehaviour:
  m_ObjectHideFlags: 0
  m_PrefabParentObject: {fileID: 0}
  m_PrefabInternal: {fileID: 100100000}
  m_GameObject: {fileID: 1711451282441316}
  m_Enabled: 1
  m_EditorHideFlags: 0
  m_Script: {fileID: 11500000, guid: 04a340c55c247513cbdc1b4d88bbdbae, type: 3}
  m_Name:
  m_textureWidth: 1024
  m_textureHeight: 512
  m_scale: 1
  m_spriteWidth: 1024
  m_spriteHeight: 512
  m_UVx: 0
  m_UVy: 4
  m_width: 8
  m_height: 4
  m_atlasGridSubdivisions: 8
  m_updateCollider: 1
  m_uvRect:
    serializedVersion: 2
    x: 0.00048828125
    y: 0.5004883
    width: 0.99902344
    height: 0.49902344
--- !u!1 &1141405069876148
GameObject:
  serializedVersion: 3
  m_ObjectHideFlags: 0
  m_PrefabParentObject: {fileID: 0}
  m_PrefabInternal: {fileID: 100100000}
  m_Component:
  - 4: {fileID: 4615443646569190}
  - 33: {fileID: 33570497544549590}
  - 23: {fileID: 23270794143902695}
  - 114: {fileID: 114788475112907726}
  m_Layer: 0
  m_Name: Background_Plateau_01
  m_TagString: Untagged
  m_Icon: {fileID: 0}
  m_NavMeshLayer: 0
  m_StaticEditorFlags: 0
  m_IsActive: 1
--- !u!4 &4615443646569190
Transform:
  m_ObjectHideFlags: 0
  m_PrefabParentObject: {fileID: 0}
  m_PrefabInternal: {fileID: 100100000}
  m_GameObject: {fileID: 1141405069876148}
  m_LocalRotation: {x: 0, y: 0, z: 0, w: 1}
  m_LocalPosition: {x: -46.36824, y: -8, z: -50}
  m_LocalScale: {x: 1, y: 0.5, z: 1}
  m_Children: []
  m_Father: {fileID: 4086892655361423}
--- !u!33 &33570497544549590
MeshFilter:
  m_ObjectHideFlags: 0
  m_PrefabParentObject: {fileID: 0}
  m_PrefabInternal: {fileID: 100100000}
  m_GameObject: {fileID: 1141405069876148}
  m_Mesh: {fileID: 0}
--- !u!23 &23270794143902695
MeshRenderer:
  m_ObjectHideFlags: 0
  m_PrefabParentObject: {fileID: 0}
  m_PrefabInternal: {fileID: 100100000}
  m_GameObject: {fileID: 1141405069876148}
  m_Enabled: 1
  m_CastShadows: 1
  m_ReceiveShadows: 1
  m_LightmapIndex: 255
  m_LightmapTilingOffset: {x: 1, y: 1, z: 0, w: 0}
  m_Materials:
  - {fileID: 2100000, guid: 5d58c60a17e881546b159c4c5d275dfb, type: 2}
  m_SubsetIndices: []
  m_StaticBatchRoot: {fileID: 0}
  m_UseLightProbes: 0
  m_LightProbeAnchor: {fileID: 0}
  m_ScaleInLightmap: 1
--- !u!114 &114788475112907726
MonoBehaviour:
  m_ObjectHideFlags: 0
  m_PrefabParentObject: {fileID: 0}
  m_PrefabInternal: {fileID: 100100000}
  m_GameObject: {fileID: 1141405069876148}
  m_Enabled: 1
  m_EditorHideFlags: 0
  m_Script: {fileID: 11500000, guid: 04a340c55c247513cbdc1b4d88bbdbae, type: 3}
  m_Name:
  m_textureWidth: 1024
  m_textureHeight: 512
  m_scale: 1
  m_spriteWidth: 1024
  m_spriteHeight: 512
  m_UVx: 0
  m_UVy: 4
  m_width: 8
  m_height: 4
  m_atlasGridSubdivisions: 8
  m_updateCollider: 1
  m_uvRect:
    serializedVersion: 2
    x: 0.00048828125
    y: 0.5004883
    width: 0.99902344
    height: 0.49902344
--- !u!1 &1957049256455243
GameObject:
  serializedVersion: 3
  m_ObjectHideFlags: 0
  m_PrefabParentObject: {fileID: 0}
  m_PrefabInternal: {fileID: 100100000}
  m_Component:
  - 4: {fileID: 4195741808109725}
  - 33: {fileID: 33541084480703178}
  - 23: {fileID: 23324614559325183}
  - 114: {fileID: 114865602167016685}
  m_Layer: 0
  m_Name: Background_Plateau_01
  m_TagString: Untagged
  m_Icon: {fileID: 0}
  m_NavMeshLayer: 0
  m_StaticEditorFlags: 0
  m_IsActive: 1
--- !u!4 &4195741808109725
Transform:
  m_ObjectHideFlags: 0
  m_PrefabParentObject: {fileID: 0}
  m_PrefabInternal: {fileID: 100100000}
  m_GameObject: {fileID: 1957049256455243}
  m_LocalRotation: {x: 0, y: 0, z: 0, w: 1}
  m_LocalPosition: {x: -19.70066, y: -8, z: -50}
  m_LocalScale: {x: 1.01, y: 0.5, z: 1}
  m_Children: []
  m_Father: {fileID: 4086892655361423}
--- !u!33 &33541084480703178
MeshFilter:
  m_ObjectHideFlags: 0
  m_PrefabParentObject: {fileID: 0}
  m_PrefabInternal: {fileID: 100100000}
  m_GameObject: {fileID: 1957049256455243}
  m_Mesh: {fileID: 0}
--- !u!23 &23324614559325183
MeshRenderer:
  m_ObjectHideFlags: 0
  m_PrefabParentObject: {fileID: 0}
  m_PrefabInternal: {fileID: 100100000}
  m_GameObject: {fileID: 1957049256455243}
  m_Enabled: 1
  m_CastShadows: 1
  m_ReceiveShadows: 1
  m_LightmapIndex: 255
  m_LightmapTilingOffset: {x: 1, y: 1, z: 0, w: 0}
  m_Materials:
  - {fileID: 2100000, guid: 5d58c60a17e881546b159c4c5d275dfb, type: 2}
  m_SubsetIndices: []
  m_StaticBatchRoot: {fileID: 0}
  m_UseLightProbes: 0
  m_LightProbeAnchor: {fileID: 0}
  m_ScaleInLightmap: 1
--- !u!114 &114865602167016685
MonoBehaviour:
  m_ObjectHideFlags: 0
  m_PrefabParentObject: {fileID: 0}
  m_PrefabInternal: {fileID: 100100000}
  m_GameObject: {fileID: 1957049256455243}
  m_Enabled: 1
  m_EditorHideFlags: 0
  m_Script: {fileID: 11500000, guid: 04a340c55c247513cbdc1b4d88bbdbae, type: 3}
  m_Name:
  m_textureWidth: 1024
  m_textureHeight: 512
  m_scale: 1
  m_spriteWidth: 1024
  m_spriteHeight: 512
  m_UVx: 0
  m_UVy: 4
  m_width: 8
  m_height: 4
  m_atlasGridSubdivisions: 8
  m_updateCollider: 1
  m_uvRect:
    serializedVersion: 2
    x: 0.00048828125
    y: 0.5004883
    width: 0.99902344
    height: 0.49902344
--- !u!1 &1184004330529320
GameObject:
  serializedVersion: 3
  m_ObjectHideFlags: 0
  m_PrefabParentObject: {fileID: 0}
  m_PrefabInternal: {fileID: 100100000}
  m_Component:
  - 4: {fileID: 4040526542471262}
  - 33: {fileID: 33937537377274889}
  - 23: {fileID: 23450407257691965}
  - 114: {fileID: 114413401166885654}
  m_Layer: 0
  m_Name: Background_Plateau_01
  m_TagString: Untagged
  m_Icon: {fileID: 0}
  m_NavMeshLayer: 0
  m_StaticEditorFlags: 0
  m_IsActive: 1
--- !u!4 &4040526542471262
Transform:
  m_ObjectHideFlags: 0
  m_PrefabParentObject: {fileID: 0}
  m_PrefabInternal: {fileID: 100100000}
  m_GameObject: {fileID: 1184004330529320}
  m_LocalRotation: {x: 0, y: 0, z: 0, w: 1}
  m_LocalPosition: {x: 6.9723053, y: -8, z: -50}
  m_LocalScale: {x: 1.003, y: 0.5, z: 1}
  m_Children: []
  m_Father: {fileID: 4086892655361423}
--- !u!33 &33937537377274889
MeshFilter:
  m_ObjectHideFlags: 0
  m_PrefabParentObject: {fileID: 0}
  m_PrefabInternal: {fileID: 100100000}
  m_GameObject: {fileID: 1184004330529320}
  m_Mesh: {fileID: 0}
--- !u!23 &23450407257691965
MeshRenderer:
  m_ObjectHideFlags: 0
  m_PrefabParentObject: {fileID: 0}
  m_PrefabInternal: {fileID: 100100000}
  m_GameObject: {fileID: 1184004330529320}
  m_Enabled: 1
  m_CastShadows: 1
  m_ReceiveShadows: 1
  m_LightmapIndex: 255
  m_LightmapTilingOffset: {x: 1, y: 1, z: 0, w: 0}
  m_Materials:
  - {fileID: 2100000, guid: 5d58c60a17e881546b159c4c5d275dfb, type: 2}
  m_SubsetIndices: []
  m_StaticBatchRoot: {fileID: 0}
  m_UseLightProbes: 0
  m_LightProbeAnchor: {fileID: 0}
  m_ScaleInLightmap: 1
--- !u!114 &114413401166885654
MonoBehaviour:
  m_ObjectHideFlags: 0
  m_PrefabParentObject: {fileID: 0}
  m_PrefabInternal: {fileID: 100100000}
  m_GameObject: {fileID: 1184004330529320}
  m_Enabled: 1
  m_EditorHideFlags: 0
  m_Script: {fileID: 11500000, guid: 04a340c55c247513cbdc1b4d88bbdbae, type: 3}
  m_Name:
  m_textureWidth: 1024
  m_textureHeight: 512
  m_scale: 1
  m_spriteWidth: 1024
  m_spriteHeight: 512
  m_UVx: 0
  m_UVy: 4
  m_width: 8
  m_height: 4
  m_atlasGridSubdivisions: 8
  m_updateCollider: 1
  m_uvRect:
    serializedVersion: 2
    x: 0.00048828125
    y: 0.5004883
    width: 0.99902344
    height: 0.49902344
--- !u!1 &1130684955491987
GameObject:
  serializedVersion: 3
  m_ObjectHideFlags: 0
  m_PrefabParentObject: {fileID: 0}
  m_PrefabInternal: {fileID: 100100000}
  m_Component:
  - 4: {fileID: 4882618313759384}
  m_Layer: 0
  m_Name: FGLayer
  m_TagString: ParallaxLayerForeground
  m_Icon: {fileID: 0}
  m_NavMeshLayer: 0
  m_StaticEditorFlags: 0
  m_IsActive: 1
--- !u!4 &4882618313759384
Transform:
  m_ObjectHideFlags: 0
  m_PrefabParentObject: {fileID: 0}
  m_PrefabInternal: {fileID: 100100000}
  m_GameObject: {fileID: 1130684955491987}
  m_LocalRotation: {x: 0, y: 0, z: 0, w: 1}
  m_LocalPosition: {x: -65.0661, y: -3.1049156, z: -9.67749}
  m_LocalScale: {x: 1, y: 1, z: 1}
  m_Children:
  - {fileID: 4647427078641933}
  - {fileID: 4787782065437741}
  - {fileID: 4032594521355543}
  - {fileID: 4809510206049412}
  - {fileID: 4295398681927711}
  - {fileID: 4509797446091981}
  m_Father: {fileID: 4881614501584305}
--- !u!1 &1903725768975432
GameObject:
  serializedVersion: 3
  m_ObjectHideFlags: 0
  m_PrefabParentObject: {fileID: 0}
  m_PrefabInternal: {fileID: 100100000}
  m_Component:
  - 4: {fileID: 4647427078641933}
  - 23: {fileID: 23353169189595639}
  - 33: {fileID: 33719170175068044}
  - 114: {fileID: 114186334044598828}
  m_Layer: 0
  m_Name: Grass
  m_TagString: Untagged
  m_Icon: {fileID: 0}
  m_NavMeshLayer: 0
  m_StaticEditorFlags: 0
  m_IsActive: 1
--- !u!4 &4647427078641933
Transform:
  m_ObjectHideFlags: 0
  m_PrefabParentObject: {fileID: 0}
  m_PrefabInternal: {fileID: 100100000}
  m_GameObject: {fileID: 1903725768975432}
  m_LocalRotation: {x: 0, y: 0, z: 0, w: 1}
  m_LocalPosition: {x: -31.85849, y: -5.0496836, z: 0}
  m_LocalScale: {x: 2, y: 1, z: 1}
  m_Children: []
  m_Father: {fileID: 4882618313759384}
--- !u!23 &23353169189595639
MeshRenderer:
  m_ObjectHideFlags: 0
  m_PrefabParentObject: {fileID: 0}
  m_PrefabInternal: {fileID: 100100000}
  m_GameObject: {fileID: 1903725768975432}
  m_Enabled: 1
  m_CastShadows: 1
  m_ReceiveShadows: 1
  m_LightmapIndex: 255
  m_LightmapTilingOffset: {x: 1, y: 1, z: 0, w: 0}
  m_Materials:
  - {fileID: 2100000, guid: 5d58c60a17e881546b159c4c5d275dfb, type: 2}
  m_SubsetIndices: []
  m_StaticBatchRoot: {fileID: 0}
  m_UseLightProbes: 0
  m_LightProbeAnchor: {fileID: 0}
  m_ScaleInLightmap: 1
--- !u!33 &33719170175068044
MeshFilter:
  m_ObjectHideFlags: 0
  m_PrefabParentObject: {fileID: 0}
  m_PrefabInternal: {fileID: 100100000}
  m_GameObject: {fileID: 1903725768975432}
  m_Mesh: {fileID: 0}
--- !u!114 &114186334044598828
MonoBehaviour:
  m_ObjectHideFlags: 0
  m_PrefabParentObject: {fileID: 0}
  m_PrefabInternal: {fileID: 100100000}
  m_GameObject: {fileID: 1903725768975432}
  m_Enabled: 1
  m_EditorHideFlags: 0
  m_Script: {fileID: 11500000, guid: 04a340c55c247513cbdc1b4d88bbdbae, type: 3}
  m_Name:
  m_textureWidth: 896
  m_textureHeight: 128
  m_scale: 1
  m_spriteWidth: 896
  m_spriteHeight: 128
  m_UVx: 2
  m_UVy: 0
  m_width: 14
  m_height: 2
  m_atlasGridSubdivisions: 16
  m_updateCollider: 1
  m_uvRect:
    serializedVersion: 2
    x: 0.12548828
    y: 0.00048828125
    width: 0.87402344
    height: 0.12402344
--- !u!1 &1569530408862802
GameObject:
  serializedVersion: 3
  m_ObjectHideFlags: 0
  m_PrefabParentObject: {fileID: 0}
  m_PrefabInternal: {fileID: 100100000}
  m_Component:
  - 4: {fileID: 4787782065437741}
  - 23: {fileID: 23616250181740303}
  - 33: {fileID: 33683607347060299}
  - 114: {fileID: 114681710442410472}
  m_Layer: 0
  m_Name: Grass
  m_TagString: Untagged
  m_Icon: {fileID: 0}
  m_NavMeshLayer: 0
  m_StaticEditorFlags: 0
  m_IsActive: 1
--- !u!4 &4787782065437741
Transform:
  m_ObjectHideFlags: 0
  m_PrefabParentObject: {fileID: 0}
  m_PrefabInternal: {fileID: 100100000}
  m_GameObject: {fileID: 1569530408862802}
  m_LocalRotation: {x: 0, y: 0, z: 0, w: 1}
  m_LocalPosition: {x: 14.759941, y: -5.0496845, z: 0}
  m_LocalScale: {x: 2, y: 1, z: 1}
  m_Children: []
  m_Father: {fileID: 4882618313759384}
--- !u!23 &23616250181740303
MeshRenderer:
  m_ObjectHideFlags: 0
  m_PrefabParentObject: {fileID: 0}
  m_PrefabInternal: {fileID: 100100000}
  m_GameObject: {fileID: 1569530408862802}
  m_Enabled: 1
  m_CastShadows: 1
  m_ReceiveShadows: 1
  m_LightmapIndex: 255
  m_LightmapTilingOffset: {x: 1, y: 1, z: 0, w: 0}
  m_Materials:
  - {fileID: 2100000, guid: 5d58c60a17e881546b159c4c5d275dfb, type: 2}
  m_SubsetIndices: []
  m_StaticBatchRoot: {fileID: 0}
  m_UseLightProbes: 0
  m_LightProbeAnchor: {fileID: 0}
  m_ScaleInLightmap: 1
--- !u!33 &33683607347060299
MeshFilter:
  m_ObjectHideFlags: 0
  m_PrefabParentObject: {fileID: 0}
  m_PrefabInternal: {fileID: 100100000}
  m_GameObject: {fileID: 1569530408862802}
  m_Mesh: {fileID: 0}
--- !u!114 &114681710442410472
MonoBehaviour:
  m_ObjectHideFlags: 0
  m_PrefabParentObject: {fileID: 0}
  m_PrefabInternal: {fileID: 100100000}
  m_GameObject: {fileID: 1569530408862802}
  m_Enabled: 1
  m_EditorHideFlags: 0
  m_Script: {fileID: 11500000, guid: 04a340c55c247513cbdc1b4d88bbdbae, type: 3}
  m_Name:
  m_textureWidth: 896
  m_textureHeight: 128
  m_scale: 1
  m_spriteWidth: 896
  m_spriteHeight: 128
  m_UVx: 2
  m_UVy: 0
  m_width: 14
  m_height: 2
  m_atlasGridSubdivisions: 16
  m_updateCollider: 1
  m_uvRect:
    serializedVersion: 2
    x: 0.12548828
    y: 0.00048828125
    width: 0.87402344
    height: 0.12402344
--- !u!1 &1141847867059330
GameObject:
  serializedVersion: 3
  m_ObjectHideFlags: 0
  m_PrefabParentObject: {fileID: 0}
  m_PrefabInternal: {fileID: 100100000}
  m_Component:
  - 4: {fileID: 4032594521355543}
  - 23: {fileID: 23858291457188373}
  - 33: {fileID: 33462304142241997}
  - 114: {fileID: 114572757051380108}
  m_Layer: 0
  m_Name: Grass
  m_TagString: Untagged
  m_Icon: {fileID: 0}
  m_NavMeshLayer: 0
  m_StaticEditorFlags: 0
  m_IsActive: 1
--- !u!4 &4032594521355543
Transform:
  m_ObjectHideFlags: 0
  m_PrefabParentObject: {fileID: 0}
  m_PrefabInternal: {fileID: 100100000}
  m_GameObject: {fileID: 1141847867059330}
  m_LocalRotation: {x: 0, y: 0, z: 0, w: 1}
  m_LocalPosition: {x: 61.400253, y: -5.0496855, z: 0}
  m_LocalScale: {x: 2, y: 1, z: 1}
  m_Children: []
  m_Father: {fileID: 4882618313759384}
--- !u!23 &23858291457188373
MeshRenderer:
  m_ObjectHideFlags: 0
  m_PrefabParentObject: {fileID: 0}
  m_PrefabInternal: {fileID: 100100000}
  m_GameObject: {fileID: 1141847867059330}
  m_Enabled: 1
  m_CastShadows: 1
  m_ReceiveShadows: 1
  m_LightmapIndex: 255
  m_LightmapTilingOffset: {x: 1, y: 1, z: 0, w: 0}
  m_Materials:
  - {fileID: 2100000, guid: 5d58c60a17e881546b159c4c5d275dfb, type: 2}
  m_SubsetIndices: []
  m_StaticBatchRoot: {fileID: 0}
  m_UseLightProbes: 0
  m_LightProbeAnchor: {fileID: 0}
  m_ScaleInLightmap: 1
--- !u!33 &33462304142241997
MeshFilter:
  m_ObjectHideFlags: 0
  m_PrefabParentObject: {fileID: 0}
  m_PrefabInternal: {fileID: 100100000}
  m_GameObject: {fileID: 1141847867059330}
  m_Mesh: {fileID: 0}
--- !u!114 &114572757051380108
MonoBehaviour:
  m_ObjectHideFlags: 0
  m_PrefabParentObject: {fileID: 0}
  m_PrefabInternal: {fileID: 100100000}
  m_GameObject: {fileID: 1141847867059330}
  m_Enabled: 1
  m_EditorHideFlags: 0
  m_Script: {fileID: 11500000, guid: 04a340c55c247513cbdc1b4d88bbdbae, type: 3}
  m_Name:
  m_textureWidth: 896
  m_textureHeight: 128
  m_scale: 1
  m_spriteWidth: 896
  m_spriteHeight: 128
  m_UVx: 2
  m_UVy: 0
  m_width: 14
  m_height: 2
  m_atlasGridSubdivisions: 16
  m_updateCollider: 1
  m_uvRect:
    serializedVersion: 2
    x: 0.12548828
    y: 0.00048828125
    width: 0.87402344
    height: 0.12402344
--- !u!1 &1363941890144304
GameObject:
  serializedVersion: 3
  m_ObjectHideFlags: 0
  m_PrefabParentObject: {fileID: 0}
  m_PrefabInternal: {fileID: 100100000}
  m_Component:
  - 4: {fileID: 4809510206049412}
  - 23: {fileID: 23697082790545736}
  - 33: {fileID: 33962724912106119}
  - 114: {fileID: 114544791120322229}
  m_Layer: 0
  m_Name: Grass
  m_TagString: Untagged
  m_Icon: {fileID: 0}
  m_NavMeshLayer: 0
  m_StaticEditorFlags: 0
  m_IsActive: 1
--- !u!4 &4809510206049412
Transform:
  m_ObjectHideFlags: 0
  m_PrefabParentObject: {fileID: 0}
  m_PrefabInternal: {fileID: 100100000}
  m_GameObject: {fileID: 1363941890144304}
  m_LocalRotation: {x: 0, y: 0, z: 0, w: 1}
  m_LocalPosition: {x: 108.02319, y: -5.0496845, z: 0}
  m_LocalScale: {x: 2, y: 1, z: 1}
  m_Children: []
  m_Father: {fileID: 4882618313759384}
--- !u!23 &23697082790545736
MeshRenderer:
  m_ObjectHideFlags: 0
  m_PrefabParentObject: {fileID: 0}
  m_PrefabInternal: {fileID: 100100000}
  m_GameObject: {fileID: 1363941890144304}
  m_Enabled: 1
  m_CastShadows: 1
  m_ReceiveShadows: 1
  m_LightmapIndex: 255
  m_LightmapTilingOffset: {x: 1, y: 1, z: 0, w: 0}
  m_Materials:
  - {fileID: 2100000, guid: 5d58c60a17e881546b159c4c5d275dfb, type: 2}
  m_SubsetIndices: []
  m_StaticBatchRoot: {fileID: 0}
  m_UseLightProbes: 0
  m_LightProbeAnchor: {fileID: 0}
  m_ScaleInLightmap: 1
--- !u!33 &33962724912106119
MeshFilter:
  m_ObjectHideFlags: 0
  m_PrefabParentObject: {fileID: 0}
  m_PrefabInternal: {fileID: 100100000}
  m_GameObject: {fileID: 1363941890144304}
  m_Mesh: {fileID: 0}
--- !u!114 &114544791120322229
MonoBehaviour:
  m_ObjectHideFlags: 0
  m_PrefabParentObject: {fileID: 0}
  m_PrefabInternal: {fileID: 100100000}
  m_GameObject: {fileID: 1363941890144304}
  m_Enabled: 1
  m_EditorHideFlags: 0
  m_Script: {fileID: 11500000, guid: 04a340c55c247513cbdc1b4d88bbdbae, type: 3}
  m_Name:
  m_textureWidth: 896
  m_textureHeight: 128
  m_scale: 1
  m_spriteWidth: 896
  m_spriteHeight: 128
  m_UVx: 2
  m_UVy: 0
  m_width: 14
  m_height: 2
  m_atlasGridSubdivisions: 16
  m_updateCollider: 1
  m_uvRect:
    serializedVersion: 2
    x: 0.12548828
    y: 0.00048828125
    width: 0.87402344
    height: 0.12402344
--- !u!1 &1004903602740960
GameObject:
  serializedVersion: 3
  m_ObjectHideFlags: 0
  m_PrefabParentObject: {fileID: 0}
  m_PrefabInternal: {fileID: 100100000}
  m_Component:
  - 4: {fileID: 4295398681927711}
  - 23: {fileID: 23920271474118294}
  - 33: {fileID: 33977699341017761}
  - 114: {fileID: 114583143601611535}
  m_Layer: 0
  m_Name: Grass
  m_TagString: Untagged
  m_Icon: {fileID: 0}
  m_NavMeshLayer: 0
  m_StaticEditorFlags: 0
  m_IsActive: 1
--- !u!4 &4295398681927711
Transform:
  m_ObjectHideFlags: 0
  m_PrefabParentObject: {fileID: 0}
  m_PrefabInternal: {fileID: 100100000}
  m_GameObject: {fileID: 1004903602740960}
  m_LocalRotation: {x: 0, y: 0, z: 0, w: 1}
  m_LocalPosition: {x: 154.66785, y: -5.0496864, z: 0}
  m_LocalScale: {x: 2, y: 1, z: 1}
  m_Children: []
  m_Father: {fileID: 4882618313759384}
--- !u!23 &23920271474118294
MeshRenderer:
  m_ObjectHideFlags: 0
  m_PrefabParentObject: {fileID: 0}
  m_PrefabInternal: {fileID: 100100000}
  m_GameObject: {fileID: 1004903602740960}
  m_Enabled: 1
  m_CastShadows: 1
  m_ReceiveShadows: 1
  m_LightmapIndex: 255
  m_LightmapTilingOffset: {x: 1, y: 1, z: 0, w: 0}
  m_Materials:
  - {fileID: 2100000, guid: 5d58c60a17e881546b159c4c5d275dfb, type: 2}
  m_SubsetIndices: []
  m_StaticBatchRoot: {fileID: 0}
  m_UseLightProbes: 0
  m_LightProbeAnchor: {fileID: 0}
  m_ScaleInLightmap: 1
--- !u!33 &33977699341017761
MeshFilter:
  m_ObjectHideFlags: 0
  m_PrefabParentObject: {fileID: 0}
  m_PrefabInternal: {fileID: 100100000}
  m_GameObject: {fileID: 1004903602740960}
  m_Mesh: {fileID: 0}
--- !u!114 &114583143601611535
MonoBehaviour:
  m_ObjectHideFlags: 0
  m_PrefabParentObject: {fileID: 0}
  m_PrefabInternal: {fileID: 100100000}
  m_GameObject: {fileID: 1004903602740960}
  m_Enabled: 1
  m_EditorHideFlags: 0
  m_Script: {fileID: 11500000, guid: 04a340c55c247513cbdc1b4d88bbdbae, type: 3}
  m_Name:
  m_textureWidth: 896
  m_textureHeight: 128
  m_scale: 1
  m_spriteWidth: 896
  m_spriteHeight: 128
  m_UVx: 2
  m_UVy: 0
  m_width: 14
  m_height: 2
  m_atlasGridSubdivisions: 16
  m_updateCollider: 1
  m_uvRect:
    serializedVersion: 2
    x: 0.12548828
    y: 0.00048828125
    width: 0.87402344
    height: 0.12402344
--- !u!1 &1466021213917311
GameObject:
  serializedVersion: 3
  m_ObjectHideFlags: 0
  m_PrefabParentObject: {fileID: 0}
  m_PrefabInternal: {fileID: 100100000}
  m_Component:
  - 4: {fileID: 4509797446091981}
  - 23: {fileID: 23038163168155017}
  - 33: {fileID: 33080429562917853}
  - 114: {fileID: 114898057220767340}
  m_Layer: 0
  m_Name: Fill
  m_TagString: Untagged
  m_Icon: {fileID: 0}
  m_NavMeshLayer: 0
  m_StaticEditorFlags: 0
  m_IsActive: 1
--- !u!4 &4509797446091981
Transform:
  m_ObjectHideFlags: 0
  m_PrefabParentObject: {fileID: 0}
  m_PrefabInternal: {fileID: 100100000}
  m_GameObject: {fileID: 1466021213917311}
  m_LocalRotation: {x: 0, y: 0, z: 0, w: 1}
  m_LocalPosition: {x: 61.235928, y: -11.035723, z: 0}
  m_LocalScale: {x: 560, y: 22.5875, z: 1}
  m_Children: []
  m_Father: {fileID: 4882618313759384}
--- !u!23 &23038163168155017
MeshRenderer:
  m_ObjectHideFlags: 0
  m_PrefabParentObject: {fileID: 0}
  m_PrefabInternal: {fileID: 100100000}
  m_GameObject: {fileID: 1466021213917311}
  m_Enabled: 1
  m_CastShadows: 1
  m_ReceiveShadows: 1
  m_LightmapIndex: 255
  m_LightmapTilingOffset: {x: 1, y: 1, z: 0, w: 0}
  m_Materials:
  - {fileID: 2100000, guid: 5d58c60a17e881546b159c4c5d275dfb, type: 2}
  m_SubsetIndices: []
  m_StaticBatchRoot: {fileID: 0}
  m_UseLightProbes: 0
  m_LightProbeAnchor: {fileID: 0}
  m_ScaleInLightmap: 1
--- !u!33 &33080429562917853
MeshFilter:
  m_ObjectHideFlags: 0
  m_PrefabParentObject: {fileID: 0}
  m_PrefabInternal: {fileID: 100100000}
  m_GameObject: {fileID: 1466021213917311}
  m_Mesh: {fileID: 0}
--- !u!114 &114898057220767340
MonoBehaviour:
  m_ObjectHideFlags: 0
  m_PrefabParentObject: {fileID: 0}
  m_PrefabInternal: {fileID: 100100000}
  m_GameObject: {fileID: 1466021213917311}
  m_Enabled: 1
  m_EditorHideFlags: 0
  m_Script: {fileID: 11500000, guid: 04a340c55c247513cbdc1b4d88bbdbae, type: 3}
  m_Name:
  m_textureWidth: 16
  m_textureHeight: 16
  m_scale: 1
  m_spriteWidth: 16
  m_spriteHeight: 16
  m_UVx: 34
  m_UVy: 1
  m_width: 1
  m_height: 1
  m_atlasGridSubdivisions: 64
  m_updateCollider: 1
  m_uvRect:
    serializedVersion: 2
    x: 0.5317383
    y: 0.016113281
    width: 0.0146484375
    height: 0.0146484375
