%YAML 1.1
%TAG !u! tag:unity3d.com,2011:
--- !u!4 &-1174862064
Transform:
  m_ObjectHideFlags: 0
  m_PrefabParentObject: {fileID: 0}
  m_PrefabInternal: {fileID: 100100000}
  m_GameObject: {fileID: 1839233884}
  m_LocalRotation: {x: 0, y: 0, z: 0, w: 1}
  m_LocalPosition: {x: 168.654953, y: 10.6820822, z: -347.272522}
  m_LocalScale: {x: 1.25, y: 1, z: 1.64082694}
  m_Children: []
  m_Father: {fileID: 0}
  m_RootOrder: 0
--- !u!1001 &100100000
Prefab:
  m_ObjectHideFlags: 1
  serializedVersion: 2
  m_Modification:
    m_TransformParent: {fileID: 0}
    m_Modifications: []
    m_RemovedComponents: []
  m_ParentPrefab: {fileID: 0}
  m_RootGameObject: {fileID: 1839233884}
  m_IsPrefabParent: 1
  m_IsExploded: 0
--- !u!114 &967278517
MonoBehaviour:
  m_ObjectHideFlags: 0
  m_PrefabParentObject: {fileID: 0}
  m_PrefabInternal: {fileID: 100100000}
  m_GameObject: {fileID: 1839233884}
  m_Enabled: 1
  m_EditorHideFlags: 0
  m_Script: {fileID: 11500000, guid: a24a89ecc849a515c2da230df34a3b1c, type: 3}
  m_Name: 
  m_EditorClassIdentifier: 
  m_velocity: 10
  m_limits: 1000
--- !u!23 &1360584571
Renderer:
  m_ObjectHideFlags: 0
  m_PrefabParentObject: {fileID: 0}
  m_PrefabInternal: {fileID: 100100000}
  m_GameObject: {fileID: 1839233884}
  m_Enabled: 1
  m_CastShadows: 1
  m_ReceiveShadows: 1
  m_LightmapIndex: 255
  m_LightmapTilingOffset: {x: 1, y: 1, z: 0, w: 0}
  m_Materials:
  - {fileID: 2100000, guid: 133eb636de057cd45b7490a1323caa8e, type: 2}
  m_SubsetIndices: 
  m_StaticBatchRoot: {fileID: 0}
  m_UseLightProbes: 0
  m_LightProbeAnchor: {fileID: 0}
  m_ScaleInLightmap: 1
  m_SortingLayerID: 0
  m_SortingOrder: 0
--- !u!114 &1453380614
MonoBehaviour:
  m_ObjectHideFlags: 0
  m_PrefabParentObject: {fileID: 0}
  m_PrefabInternal: {fileID: 100100000}
  m_GameObject: {fileID: 1839233884}
  m_Enabled: 1
  m_EditorHideFlags: 0
  m_Script: {fileID: 11500000, guid: 04a340c55c247513cbdc1b4d88bbdbae, type: 3}
  m_Name: 
  m_EditorClassIdentifier: 
  m_textureWidth: 256
  m_textureHeight: 128
  m_scale: 1
  m_spriteWidth: 256
  m_spriteHeight: 128
  m_UVx: 4
  m_UVy: 0
  m_width: 2
  m_height: 1
  m_atlasGridSubdivisions: 8
  m_updateCollider: 1
  m_uvRect:
    serializedVersion: 2
    x: 0.5004883
    y: 0.00048828125
    width: 0.24902344
    height: 0.12402344
--- !u!1 &1839233884
GameObject:
  m_ObjectHideFlags: 0
  m_PrefabParentObject: {fileID: 0}
  m_PrefabInternal: {fileID: 100100000}
  serializedVersion: 4
  m_Component:
  - 4: {fileID: -1174862064}
  - 33: {fileID: 2056068168}
  - 23: {fileID: 1360584571}
  - 114: {fileID: 967278517}
  - 114: {fileID: 1453380614}
  m_Layer: 0
  m_Name: Background_Cloud_02_SET_0
  m_TagString: Untagged
  m_Icon: {fileID: 0}
  m_NavMeshLayer: 0
  m_StaticEditorFlags: 0
  m_IsActive: 1
--- !u!33 &2056068168
MeshFilter:
  m_ObjectHideFlags: 0
  m_PrefabParentObject: {fileID: 0}
  m_PrefabInternal: {fileID: 100100000}
  m_GameObject: {fileID: 1839233884}
  m_Mesh: {fileID: 0}
