%YAML 1.1
%TAG !u! tag:unity3d.com,2011:
--- !u!1001 &100100000
Prefab:
  serializedVersion: 2
  m_ObjectHideFlags: 1
  m_Modification:
    m_TransformParent: {fileID: 0}
    m_Modifications: []
    m_RemovedComponents: []
  m_ParentPrefab: {fileID: 0}
  m_RootGameObject: {fileID: 1847304363664471}
  m_IsPrefabParent: 1
  m_IsExploded: 0
--- !u!1 &1847304363664471
GameObject:
  serializedVersion: 3
  m_ObjectHideFlags: 0
  m_PrefabParentObject: {fileID: 0}
  m_PrefabInternal: {fileID: 100100000}
  m_Component:
  - 4: {fileID: 4597699537633935}
  - 33: {fileID: 33473713556992102}
  - 23: {fileID: 23057449191308562}
  - 114: {fileID: 114550918458017980}
  - 65: {fileID: 65585040870177736}
  - 114: {fileID: 114354232209978324}
  - 114: {fileID: 114276247999233836}
  m_Layer: 10
  m_Name: EpisodeButtonJungle
  m_TagString: Untagged
  m_Icon: {fileID: 0}
  m_NavMeshLayer: 0
  m_StaticEditorFlags: 0
  m_IsActive: 1
--- !u!4 &4597699537633935
Transform:
  m_ObjectHideFlags: 0
  m_PrefabParentObject: {fileID: 0}
  m_PrefabInternal: {fileID: 100100000}
  m_GameObject: {fileID: 1847304363664471}
  m_LocalRotation: {x: 0, y: 0, z: 0, w: 1}
  m_LocalPosition: {x: 18.316378, y: 0, z: 0}
  m_LocalScale: {x: 1, y: 1, z: 1}
  m_Children:
  - {fileID: 4595489385898531}
  - {fileID: 4152641103135555}
  - {fileID: 4486032403653425}
  - {fileID: 4616451182880111}
  m_Father: {fileID: 0}
--- !u!33 &33473713556992102
MeshFilter:
  m_ObjectHideFlags: 0
  m_PrefabParentObject: {fileID: 0}
  m_PrefabInternal: {fileID: 100100000}
  m_GameObject: {fileID: 1847304363664471}
  m_Mesh: {fileID: 0}
--- !u!23 &23057449191308562
MeshRenderer:
  m_ObjectHideFlags: 0
  m_PrefabParentObject: {fileID: 0}
  m_PrefabInternal: {fileID: 100100000}
  m_GameObject: {fileID: 1847304363664471}
  m_Enabled: 1
  m_CastShadows: 1
  m_ReceiveShadows: 1
  m_LightmapIndex: 255
  m_LightmapTilingOffset: {x: 1, y: 1, z: 0, w: 0}
  m_Materials:
  - {fileID: 2100000, guid: 5f4638ff397d286408d302d1bfd0305d, type: 2}
  m_SubsetIndices: []
  m_StaticBatchRoot: {fileID: 0}
  m_UseLightProbes: 0
  m_LightProbeAnchor: {fileID: 0}
  m_ScaleInLightmap: 1
--- !u!114 &114550918458017980
MonoBehaviour:
  m_ObjectHideFlags: 0
  m_PrefabParentObject: {fileID: 0}
  m_PrefabInternal: {fileID: 100100000}
  m_GameObject: {fileID: 1847304363664471}
  m_Enabled: 1
  m_EditorHideFlags: 0
  m_Script: {fileID: 11500000, guid: 04a340c55c247513cbdc1b4d88bbdbae, type: 3}
  m_Name:
  m_textureWidth: 192
  m_textureHeight: 512
  m_scale: 1
  m_spriteWidth: 192
  m_spriteHeight: 512
  m_UVx: 0
  m_UVy: 1
  m_width: 3
  m_height: 8
  m_atlasGridSubdivisions: 16
  m_updateCollider: 1
  m_uvRect:
    serializedVersion: 2
    x: 0.00048828125
    y: 0.06298828
    width: 0.18652344
    height: 0.49902344
--- !u!65 &65585040870177736
BoxCollider:
  serializedVersion: 2
  m_ObjectHideFlags: 0
  m_PrefabParentObject: {fileID: 0}
  m_PrefabInternal: {fileID: 100100000}
  m_GameObject: {fileID: 1847304363664471}
  m_Material: {fileID: 0}
  m_IsTrigger: 0
  m_Enabled: 1
  m_Size: {x: 5, y: 13.333333, z: 0}
  m_Center: {x: 0, y: 0, z: 0}
--- !u!114 &114354232209978324
MonoBehaviour:
  m_ObjectHideFlags: 0
  m_PrefabParentObject: {fileID: 0}
  m_PrefabInternal: {fileID: 100100000}
  m_GameObject: {fileID: 1847304363664471}
  m_Enabled: 1
  m_EditorHideFlags: 0
  m_Script: {fileID: 11500000, guid: 592a4f4281d4a97a9440d67f0f1016e1, type: 3}
  m_Name:
  messageTargetObject: {fileID: 1847304363664471}
  targetComponent: EpisodeButton
  methodToInvoke: GoToLevelSelection
  messageParameter: Episode1LevelSelection
  eventToSend: 0
  animate: 1
  activateOnHold: 0
--- !u!114 &114276247999233836
MonoBehaviour:
  m_ObjectHideFlags: 0
  m_PrefabParentObject: {fileID: 0}
  m_PrefabInternal: {fileID: 100100000}
  m_GameObject: {fileID: 1847304363664471}
  m_Enabled: 1
  m_EditorHideFlags: 0
  m_Script: {fileID: 11500000, guid: 19b46b0b00661d017b4055dec7ac1465, type: 3}
  m_Name:
  m_bgcolor: {r: 0.49803922, g: 0.7921569, b: 0.3372549, a: 1}
  m_isSandbox: 0
  m_episodeLevelsGameDataIndex: 0
--- !u!1 &1621818348129385
GameObject:
  serializedVersion: 3
  m_ObjectHideFlags: 0
  m_PrefabParentObject: {fileID: 0}
  m_PrefabInternal: {fileID: 100100000}
  m_Component:
  - 4: {fileID: 4595489385898531}
  - 33: {fileID: 33837694239240054}
  - 23: {fileID: 23360063700325508}
  - 114: {fileID: 114425312769569038}
  m_Layer: 10
  m_Name: Background
  m_TagString: Untagged
  m_Icon: {fileID: 0}
  m_NavMeshLayer: 0
  m_StaticEditorFlags: 0
  m_IsActive: 1
--- !u!4 &4595489385898531
Transform:
  m_ObjectHideFlags: 0
  m_PrefabParentObject: {fileID: 0}
  m_PrefabInternal: {fileID: 100100000}
  m_GameObject: {fileID: 1621818348129385}
  m_LocalRotation: {x: 0, y: 0, z: 0, w: 1}
  m_LocalPosition: {x: 0, y: 0, z: 1}
  m_LocalScale: {x: 2.5321844, y: 7.556244, z: 1}
  m_Children: []
  m_Father: {fileID: 4597699537633935}
--- !u!33 &33837694239240054
MeshFilter:
  m_ObjectHideFlags: 0
  m_PrefabParentObject: {fileID: 0}
  m_PrefabInternal: {fileID: 100100000}
  m_GameObject: {fileID: 1621818348129385}
  m_Mesh: {fileID: 0}
--- !u!23 &23360063700325508
MeshRenderer:
  m_ObjectHideFlags: 0
  m_PrefabParentObject: {fileID: 0}
  m_PrefabInternal: {fileID: 100100000}
  m_GameObject: {fileID: 1621818348129385}
  m_Enabled: 1
  m_CastShadows: 1
  m_ReceiveShadows: 1
  m_LightmapIndex: 255
  m_LightmapTilingOffset: {x: 1, y: 1, z: 0, w: 0}
  m_Materials:
  - {fileID: 2100000, guid: 5f4638ff397d286408d302d1bfd0305d, type: 2}
  m_SubsetIndices: []
  m_StaticBatchRoot: {fileID: 0}
  m_UseLightProbes: 0
  m_LightProbeAnchor: {fileID: 0}
  m_ScaleInLightmap: 1
--- !u!114 &114425312769569038
MonoBehaviour:
  m_ObjectHideFlags: 0
  m_PrefabParentObject: {fileID: 0}
  m_PrefabInternal: {fileID: 100100000}
  m_GameObject: {fileID: 1621818348129385}
  m_Enabled: 1
  m_EditorHideFlags: 0
  m_Script: {fileID: 11500000, guid: 04a340c55c247513cbdc1b4d88bbdbae, type: 3}
  m_Name:
  m_textureWidth: 64
  m_textureHeight: 64
  m_scale: 1
  m_spriteWidth: 64
  m_spriteHeight: 64
  m_UVx: 3
  m_UVy: 1
  m_width: 1
  m_height: 1
  m_atlasGridSubdivisions: 16
  m_updateCollider: 1
  m_uvRect:
    serializedVersion: 2
    x: 0.18798828
    y: 0.06298828
    width: 0.061523438
    height: 0.061523438
--- !u!1 &1232099827861092
GameObject:
  serializedVersion: 3
  m_ObjectHideFlags: 0
  m_PrefabParentObject: {fileID: 0}
  m_PrefabInternal: {fileID: 100100000}
  m_Component:
  - 4: {fileID: 4152641103135555}
  - 102: {fileID: 102565735820410069}
  - 23: {fileID: 23904140215064593}
  m_Layer: 10
  m_Name: StarText
  m_TagString: Untagged
  m_Icon: {fileID: 0}
  m_NavMeshLayer: 0
  m_StaticEditorFlags: 0
  m_IsActive: 1
--- !u!4 &4152641103135555
Transform:
  m_ObjectHideFlags: 0
  m_PrefabParentObject: {fileID: 0}
  m_PrefabInternal: {fileID: 100100000}
  m_GameObject: {fileID: 1232099827861092}
  m_LocalRotation: {x: 0, y: 0, z: 0, w: 1}
  m_LocalPosition: {x: -0.0077638626, y: -5.262995, z: -1}
  m_LocalScale: {x: 0.8, y: 0.8, z: 0.6}
  m_Children: []
  m_Father: {fileID: 4597699537633935}
--- !u!102 &102565735820410069
TextMesh:
  serializedVersion: 3
  m_ObjectHideFlags: 0
  m_PrefabParentObject: {fileID: 0}
  m_PrefabInternal: {fileID: 100100000}
  m_GameObject: {fileID: 1232099827861092}
  m_Text: 135/135
  m_OffsetZ: 0
  m_CharacterSize: 0.13
  m_LineSpacing: 1
  m_Anchor: 4
  m_Alignment: 1
  m_TabSize: 4
  m_FontSize: 0
  m_FontStyle: 0
  m_Font: {fileID: 12800000, guid: 58af9a496b92c2749a7b4e1024383db1, type: 2}
--- !u!23 &23904140215064593
MeshRenderer:
  m_ObjectHideFlags: 0
  m_PrefabParentObject: {fileID: 0}
  m_PrefabInternal: {fileID: 100100000}
  m_GameObject: {fileID: 1232099827861092}
  m_Enabled: 1
  m_CastShadows: 1
  m_ReceiveShadows: 1
  m_LightmapIndex: 255
  m_LightmapTilingOffset: {x: 1, y: 1, z: 0, w: 0}
  m_Materials:
  - {fileID: 2100000, guid: b8e3407866fc12346b34d67465e991fe, type: 2}
  m_SubsetIndices: []
  m_StaticBatchRoot: {fileID: 0}
  m_UseLightProbes: 0
  m_LightProbeAnchor: {fileID: 0}
  m_ScaleInLightmap: 1
--- !u!1 &1251632066980041
GameObject:
  serializedVersion: 3
  m_ObjectHideFlags: 0
  m_PrefabParentObject: {fileID: 0}
  m_PrefabInternal: {fileID: 100100000}
  m_Component:
  - 4: {fileID: 4486032403653425}
  - 33: {fileID: 33420798435198375}
  - 23: {fileID: 23420657913029793}
  - 114: {fileID: 114577792953650694}
  m_Layer: 10
  m_Name: TitleDecoration
  m_TagString: Untagged
  m_Icon: {fileID: 0}
  m_NavMeshLayer: 0
  m_StaticEditorFlags: 0
  m_IsActive: 1
--- !u!4 &4486032403653425
Transform:
  m_ObjectHideFlags: 0
  m_PrefabParentObject: {fileID: 0}
  m_PrefabInternal: {fileID: 100100000}
  m_GameObject: {fileID: 1251632066980041}
  m_LocalRotation: {x: 0, y: 0, z: 0, w: 1}
  m_LocalPosition: {x: 0, y: 4.227911, z: -1}
  m_LocalScale: {x: 1, y: 1, z: 1}
  m_Children: []
  m_Father: {fileID: 4597699537633935}
--- !u!33 &33420798435198375
MeshFilter:
  m_ObjectHideFlags: 0
  m_PrefabParentObject: {fileID: 0}
  m_PrefabInternal: {fileID: 100100000}
  m_GameObject: {fileID: 1251632066980041}
  m_Mesh: {fileID: 0}
--- !u!23 &23420657913029793
MeshRenderer:
  m_ObjectHideFlags: 0
  m_PrefabParentObject: {fileID: 0}
  m_PrefabInternal: {fileID: 100100000}
  m_GameObject: {fileID: 1251632066980041}
  m_Enabled: 1
  m_CastShadows: 1
  m_ReceiveShadows: 1
  m_LightmapIndex: 255
  m_LightmapTilingOffset: {x: 1, y: 1, z: 0, w: 0}
  m_Materials:
  - {fileID: 2100000, guid: 5f4638ff397d286408d302d1bfd0305d, type: 2}
  m_SubsetIndices: []
  m_StaticBatchRoot: {fileID: 0}
  m_UseLightProbes: 0
  m_LightProbeAnchor: {fileID: 0}
  m_ScaleInLightmap: 1
--- !u!114 &114577792953650694
MonoBehaviour:
  m_ObjectHideFlags: 0
  m_PrefabParentObject: {fileID: 0}
  m_PrefabInternal: {fileID: 100100000}
  m_GameObject: {fileID: 1251632066980041}
  m_Enabled: 1
  m_EditorHideFlags: 0
  m_Script: {fileID: 11500000, guid: 04a340c55c247513cbdc1b4d88bbdbae, type: 3}
  m_Name:
  m_textureWidth: 128
  m_textureHeight: 128
  m_scale: 1
  m_spriteWidth: 128
  m_spriteHeight: 128
  m_UVx: 6
  m_UVy: 10
  m_width: 2
  m_height: 2
  m_atlasGridSubdivisions: 16
  m_updateCollider: 1
  m_uvRect:
    serializedVersion: 2
    x: 0.37548828
    y: 0.6254883
    width: 0.12402344
    height: 0.12402344
--- !u!1 &1395383407458367
GameObject:
  serializedVersion: 3
  m_ObjectHideFlags: 0
  m_PrefabParentObject: {fileID: 0}
  m_PrefabInternal: {fileID: 100100000}
  m_Component:
  - 4: {fileID: 4616451182880111}
  - 33: {fileID: 33333071789257739}
  - 23: {fileID: 23038034777965422}
  - 114: {fileID: 114661552001601568}
  m_Layer: 10
  m_Name: ImageDecoration
  m_TagString: Untagged
  m_Icon: {fileID: 0}
  m_NavMeshLayer: 0
  m_StaticEditorFlags: 0
  m_IsActive: 1
--- !u!4 &4616451182880111
Transform:
  m_ObjectHideFlags: 0
  m_PrefabParentObject: {fileID: 0}
  m_PrefabInternal: {fileID: 100100000}
  m_GameObject: {fileID: 1395383407458367}
  m_LocalRotation: {x: 0, y: 0, z: 0, w: 1}
  m_LocalPosition: {x: 0.14868546, y: -0.03735304, z: -1}
  m_LocalScale: {x: 1, y: 1, z: 1}
  m_Children: []
  m_Father: {fileID: 4597699537633935}
--- !u!33 &33333071789257739
MeshFilter:
  m_ObjectHideFlags: 0
  m_PrefabParentObject: {fileID: 0}
  m_PrefabInternal: {fileID: 100100000}
  m_GameObject: {fileID: 1395383407458367}
  m_Mesh: {fileID: 0}
--- !u!23 &23038034777965422
MeshRenderer:
  m_ObjectHideFlags: 0
  m_PrefabParentObject: {fileID: 0}
  m_PrefabInternal: {fileID: 100100000}
  m_GameObject: {fileID: 1395383407458367}
  m_Enabled: 1
  m_CastShadows: 1
  m_ReceiveShadows: 1
  m_LightmapIndex: 255
  m_LightmapTilingOffset: {x: 1, y: 1, z: 0, w: 0}
  m_Materials:
  - {fileID: 2100000, guid: 5f4638ff397d286408d302d1bfd0305d, type: 2}
  m_SubsetIndices: []
  m_StaticBatchRoot: {fileID: 0}
  m_UseLightProbes: 0
  m_LightProbeAnchor: {fileID: 0}
  m_ScaleInLightmap: 1
--- !u!114 &114661552001601568
MonoBehaviour:
  m_ObjectHideFlags: 0
  m_PrefabParentObject: {fileID: 0}
  m_PrefabInternal: {fileID: 100100000}
  m_GameObject: {fileID: 1395383407458367}
  m_Enabled: 1
  m_EditorHideFlags: 0
  m_Script: {fileID: 11500000, guid: 04a340c55c247513cbdc1b4d88bbdbae, type: 3}
  m_Name:
  m_textureWidth: 192
  m_textureHeight: 256
  m_scale: 1
  m_spriteWidth: 192
  m_spriteHeight: 256
  m_UVx: 3
  m_UVy: 6
  m_width: 3
  m_height: 4
  m_atlasGridSubdivisions: 16
  m_updateCollider: 1
  m_uvRect:
    serializedVersion: 2
    x: 0.18798828
    y: 0.37548828
    width: 0.18652344
    height: 0.24902344
