%YAML 1.1
%TAG !u! tag:unity3d.com,2011:
--- !u!1001 &100100000
Prefab:
  serializedVersion: 2
  m_ObjectHideFlags: 1
  m_Modification:
    m_TransformParent: {fileID: 0}
    m_Modifications: []
    m_RemovedComponents: []
  m_ParentPrefab: {fileID: 0}
  m_RootGameObject: {fileID: 1614737640027162}
  m_IsPrefabParent: 1
  m_IsExploded: 0
--- !u!1 &1614737640027162
GameObject:
  serializedVersion: 3
  m_ObjectHideFlags: 0
  m_PrefabParentObject: {fileID: 0}
  m_PrefabInternal: {fileID: 100100000}
  m_Component:
  - 4: {fileID: 4212831988170579}
  - 33: {fileID: 33210476129358039}
  - 23: {fileID: 23905542453396632}
  - 114: {fileID: 114656985451296053}
  - 65: {fileID: 65644011844997737}
  - 114: {fileID: 114367273696868806}
  - 114: {fileID: 114843591198363671}
  m_Layer: 10
  m_Name: EpisodeButtonSandbox
  m_TagString: Untagged
  m_Icon: {fileID: 0}
  m_NavMeshLayer: 0
  m_StaticEditorFlags: 0
  m_IsActive: 1
--- !u!4 &4212831988170579
Transform:
  m_ObjectHideFlags: 0
  m_PrefabParentObject: {fileID: 0}
  m_PrefabInternal: {fileID: 100100000}
  m_GameObject: {fileID: 1614737640027162}
  m_LocalRotation: {x: 0, y: 0, z: 0, w: 1}
  m_LocalPosition: {x: 31.217564, y: 0, z: 0}
  m_LocalScale: {x: 1, y: 1, z: 1}
  m_Children:
  - {fileID: 4159118228654438}
  - {fileID: 4020453115705766}
  - {fileID: 4273473125791912}
  - {fileID: 4197793952290670}
  m_Father: {fileID: 0}
--- !u!33 &33210476129358039
MeshFilter:
  m_ObjectHideFlags: 0
  m_PrefabParentObject: {fileID: 0}
  m_PrefabInternal: {fileID: 100100000}
  m_GameObject: {fileID: 1614737640027162}
  m_Mesh: {fileID: 0}
--- !u!23 &23905542453396632
MeshRenderer:
  m_ObjectHideFlags: 0
  m_PrefabParentObject: {fileID: 0}
  m_PrefabInternal: {fileID: 100100000}
  m_GameObject: {fileID: 1614737640027162}
  m_Enabled: 1
  m_CastShadows: 1
  m_ReceiveShadows: 1
  m_LightmapIndex: 255
  m_LightmapTilingOffset: {x: 1, y: 1, z: 0, w: 0}
  m_Materials:
  - {fileID: 2100000, guid: 5f4638ff397d286408d302d1bfd0305d, type: 2}
  m_SubsetIndices: []
  m_StaticBatchRoot: {fileID: 0}
  m_UseLightProbes: 0
  m_LightProbeAnchor: {fileID: 0}
  m_ScaleInLightmap: 1
--- !u!114 &114656985451296053
MonoBehaviour:
  m_ObjectHideFlags: 0
  m_PrefabParentObject: {fileID: 0}
  m_PrefabInternal: {fileID: 100100000}
  m_GameObject: {fileID: 1614737640027162}
  m_Enabled: 1
  m_EditorHideFlags: 0
  m_Script: {fileID: 11500000, guid: 04a340c55c247513cbdc1b4d88bbdbae, type: 3}
  m_Name:
  m_textureWidth: 192
  m_textureHeight: 512
  m_scale: 1
  m_spriteWidth: 192
  m_spriteHeight: 512
  m_UVx: 0
  m_UVy: 1
  m_width: 3
  m_height: 8
  m_atlasGridSubdivisions: 16
  m_updateCollider: 1
  m_uvRect:
    serializedVersion: 2
    x: 0.00048828125
    y: 0.06298828
    width: 0.18652344
    height: 0.49902344
--- !u!65 &65644011844997737
BoxCollider:
  serializedVersion: 2
  m_ObjectHideFlags: 0
  m_PrefabParentObject: {fileID: 0}
  m_PrefabInternal: {fileID: 100100000}
  m_GameObject: {fileID: 1614737640027162}
  m_Material: {fileID: 0}
  m_IsTrigger: 0
  m_Enabled: 1
  m_Size: {x: 5, y: 13.333333, z: 0}
  m_Center: {x: 0, y: 0, z: 0}
--- !u!114 &114367273696868806
MonoBehaviour:
  m_ObjectHideFlags: 0
  m_PrefabParentObject: {fileID: 0}
  m_PrefabInternal: {fileID: 100100000}
  m_GameObject: {fileID: 1614737640027162}
  m_Enabled: 1
  m_EditorHideFlags: 0
  m_Script: {fileID: 11500000, guid: 592a4f4281d4a97a9440d67f0f1016e1, type: 3}
  m_Name:
  messageTargetObject: {fileID: 1614737640027162}
  targetComponent: EpisodeButton
  methodToInvoke: GoToLevelSelection
  messageParameter: SandboxLevelSelection
  eventToSend: 0
  animate: 1
  activateOnHold: 0
--- !u!114 &114843591198363671
MonoBehaviour:
  m_ObjectHideFlags: 0
  m_PrefabParentObject: {fileID: 0}
  m_PrefabInternal: {fileID: 100100000}
  m_GameObject: {fileID: 1614737640027162}
  m_Enabled: 1
  m_EditorHideFlags: 0
  m_Script: {fileID: 11500000, guid: 19b46b0b00661d017b4055dec7ac1465, type: 3}
  m_Name:
  m_bgcolor: {r: 0.8392157, g: 0.6745098, b: 0.39215687, a: 1}
  m_isSandbox: 1
  m_episodeLevelsGameDataIndex: 0
--- !u!1 &1431339804778606
GameObject:
  serializedVersion: 3
  m_ObjectHideFlags: 0
  m_PrefabParentObject: {fileID: 0}
  m_PrefabInternal: {fileID: 100100000}
  m_Component:
  - 4: {fileID: 4159118228654438}
  - 33: {fileID: 33479083962061069}
  - 23: {fileID: 23549136321705313}
  - 114: {fileID: 114692451623619200}
  m_Layer: 10
  m_Name: Background
  m_TagString: Untagged
  m_Icon: {fileID: 0}
  m_NavMeshLayer: 0
  m_StaticEditorFlags: 0
  m_IsActive: 1
--- !u!4 &4159118228654438
Transform:
  m_ObjectHideFlags: 0
  m_PrefabParentObject: {fileID: 0}
  m_PrefabInternal: {fileID: 100100000}
  m_GameObject: {fileID: 1431339804778606}
  m_LocalRotation: {x: 0, y: 0, z: 0, w: 1}
  m_LocalPosition: {x: 0, y: 0, z: 1}
  m_LocalScale: {x: 2.5321844, y: 7.556244, z: 1}
  m_Children: []
  m_Father: {fileID: 4212831988170579}
--- !u!33 &33479083962061069
MeshFilter:
  m_ObjectHideFlags: 0
  m_PrefabParentObject: {fileID: 0}
  m_PrefabInternal: {fileID: 100100000}
  m_GameObject: {fileID: 1431339804778606}
  m_Mesh: {fileID: 0}
--- !u!23 &23549136321705313
MeshRenderer:
  m_ObjectHideFlags: 0
  m_PrefabParentObject: {fileID: 0}
  m_PrefabInternal: {fileID: 100100000}
  m_GameObject: {fileID: 1431339804778606}
  m_Enabled: 1
  m_CastShadows: 1
  m_ReceiveShadows: 1
  m_LightmapIndex: 255
  m_LightmapTilingOffset: {x: 1, y: 1, z: 0, w: 0}
  m_Materials:
  - {fileID: 2100000, guid: 5f4638ff397d286408d302d1bfd0305d, type: 2}
  m_SubsetIndices: []
  m_StaticBatchRoot: {fileID: 0}
  m_UseLightProbes: 0
  m_LightProbeAnchor: {fileID: 0}
  m_ScaleInLightmap: 1
--- !u!114 &114692451623619200
MonoBehaviour:
  m_ObjectHideFlags: 0
  m_PrefabParentObject: {fileID: 0}
  m_PrefabInternal: {fileID: 100100000}
  m_GameObject: {fileID: 1431339804778606}
  m_Enabled: 1
  m_EditorHideFlags: 0
  m_Script: {fileID: 11500000, guid: 04a340c55c247513cbdc1b4d88bbdbae, type: 3}
  m_Name:
  m_textureWidth: 64
  m_textureHeight: 64
  m_scale: 1
  m_spriteWidth: 64
  m_spriteHeight: 64
  m_UVx: 3
  m_UVy: 1
  m_width: 1
  m_height: 1
  m_atlasGridSubdivisions: 16
  m_updateCollider: 1
  m_uvRect:
    serializedVersion: 2
    x: 0.18798828
    y: 0.06298828
    width: 0.061523438
    height: 0.061523438
--- !u!1 &1340226520416315
GameObject:
  serializedVersion: 3
  m_ObjectHideFlags: 0
  m_PrefabParentObject: {fileID: 0}
  m_PrefabInternal: {fileID: 100100000}
  m_Component:
  - 4: {fileID: 4020453115705766}
  - 102: {fileID: 102810912749204302}
  - 23: {fileID: 23760122607875362}
  m_Layer: 10
  m_Name: StarText
  m_TagString: Untagged
  m_Icon: {fileID: 0}
  m_NavMeshLayer: 0
  m_StaticEditorFlags: 0
  m_IsActive: 1
--- !u!4 &4020453115705766
Transform:
  m_ObjectHideFlags: 0
  m_PrefabParentObject: {fileID: 0}
  m_PrefabInternal: {fileID: 100100000}
  m_GameObject: {fileID: 1340226520416315}
  m_LocalRotation: {x: 0, y: 0, z: 0, w: 1}
  m_LocalPosition: {x: -0.0077638626, y: -5.262995, z: -1}
  m_LocalScale: {x: 0.8, y: 0.8, z: 0.6}
  m_Children: []
  m_Father: {fileID: 4212831988170579}
--- !u!102 &102810912749204302
TextMesh:
  serializedVersion: 3
  m_ObjectHideFlags: 0
  m_PrefabParentObject: {fileID: 0}
  m_PrefabInternal: {fileID: 100100000}
  m_GameObject: {fileID: 1340226520416315}
  m_Text: 135/135
  m_OffsetZ: 0
  m_CharacterSize: 0.13
  m_LineSpacing: 1
  m_Anchor: 4
  m_Alignment: 1
  m_TabSize: 4
  m_FontSize: 0
  m_FontStyle: 0
  m_Font: {fileID: 12800000, guid: 58af9a496b92c2749a7b4e1024383db1, type: 2}
--- !u!23 &23760122607875362
MeshRenderer:
  m_ObjectHideFlags: 0
  m_PrefabParentObject: {fileID: 0}
  m_PrefabInternal: {fileID: 100100000}
  m_GameObject: {fileID: 1340226520416315}
  m_Enabled: 1
  m_CastShadows: 1
  m_ReceiveShadows: 1
  m_LightmapIndex: 255
  m_LightmapTilingOffset: {x: 1, y: 1, z: 0, w: 0}
  m_Materials:
  - {fileID: 2100000, guid: b8e3407866fc12346b34d67465e991fe, type: 2}
  m_SubsetIndices: []
  m_StaticBatchRoot: {fileID: 0}
  m_UseLightProbes: 0
  m_LightProbeAnchor: {fileID: 0}
  m_ScaleInLightmap: 1
--- !u!1 &1475688406624196
GameObject:
  serializedVersion: 3
  m_ObjectHideFlags: 0
  m_PrefabParentObject: {fileID: 0}
  m_PrefabInternal: {fileID: 100100000}
  m_Component:
  - 4: {fileID: 4273473125791912}
  - 33: {fileID: 33128154465275939}
  - 23: {fileID: 23249534766321441}
  - 114: {fileID: 114691161780401312}
  m_Layer: 10
  m_Name: TitleDecoration
  m_TagString: Untagged
  m_Icon: {fileID: 0}
  m_NavMeshLayer: 0
  m_StaticEditorFlags: 0
  m_IsActive: 1
--- !u!4 &4273473125791912
Transform:
  m_ObjectHideFlags: 0
  m_PrefabParentObject: {fileID: 0}
  m_PrefabInternal: {fileID: 100100000}
  m_GameObject: {fileID: 1475688406624196}
  m_LocalRotation: {x: 0, y: 0, z: 0, w: 1}
  m_LocalPosition: {x: 0, y: 4.227911, z: -1}
  m_LocalScale: {x: 1, y: 1, z: 1}
  m_Children: []
  m_Father: {fileID: 4212831988170579}
--- !u!33 &33128154465275939
MeshFilter:
  m_ObjectHideFlags: 0
  m_PrefabParentObject: {fileID: 0}
  m_PrefabInternal: {fileID: 100100000}
  m_GameObject: {fileID: 1475688406624196}
  m_Mesh: {fileID: 0}
--- !u!23 &23249534766321441
MeshRenderer:
  m_ObjectHideFlags: 0
  m_PrefabParentObject: {fileID: 0}
  m_PrefabInternal: {fileID: 100100000}
  m_GameObject: {fileID: 1475688406624196}
  m_Enabled: 1
  m_CastShadows: 1
  m_ReceiveShadows: 1
  m_LightmapIndex: 255
  m_LightmapTilingOffset: {x: 1, y: 1, z: 0, w: 0}
  m_Materials:
  - {fileID: 2100000, guid: 5f4638ff397d286408d302d1bfd0305d, type: 2}
  m_SubsetIndices: []
  m_StaticBatchRoot: {fileID: 0}
  m_UseLightProbes: 0
  m_LightProbeAnchor: {fileID: 0}
  m_ScaleInLightmap: 1
--- !u!114 &114691161780401312
MonoBehaviour:
  m_ObjectHideFlags: 0
  m_PrefabParentObject: {fileID: 0}
  m_PrefabInternal: {fileID: 100100000}
  m_GameObject: {fileID: 1475688406624196}
  m_Enabled: 1
  m_EditorHideFlags: 0
  m_Script: {fileID: 11500000, guid: 04a340c55c247513cbdc1b4d88bbdbae, type: 3}
  m_Name:
  m_textureWidth: 128
  m_textureHeight: 128
  m_scale: 1
  m_spriteWidth: 128
  m_spriteHeight: 128
  m_UVx: 4
  m_UVy: 10
  m_width: 2
  m_height: 2
  m_atlasGridSubdivisions: 16
  m_updateCollider: 1
  m_uvRect:
    serializedVersion: 2
    x: 0.25048828
    y: 0.6254883
    width: 0.12402344
    height: 0.12402344
--- !u!1 &1171821322707214
GameObject:
  serializedVersion: 3
  m_ObjectHideFlags: 0
  m_PrefabParentObject: {fileID: 0}
  m_PrefabInternal: {fileID: 100100000}
  m_Component:
  - 4: {fileID: 4197793952290670}
  - 33: {fileID: 33607200831040050}
  - 23: {fileID: 23087609397040022}
  - 114: {fileID: 114126427543354412}
  m_Layer: 10
  m_Name: ImageDecoration
  m_TagString: Untagged
  m_Icon: {fileID: 0}
  m_NavMeshLayer: 0
  m_StaticEditorFlags: 0
  m_IsActive: 1
--- !u!4 &4197793952290670
Transform:
  m_ObjectHideFlags: 0
  m_PrefabParentObject: {fileID: 0}
  m_PrefabInternal: {fileID: 100100000}
  m_GameObject: {fileID: 1171821322707214}
  m_LocalRotation: {x: 0, y: 0, z: 0, w: 1}
  m_LocalPosition: {x: 0, y: -0.24662733, z: -1}
  m_LocalScale: {x: 1, y: 1, z: 1}
  m_Children: []
  m_Father: {fileID: 4212831988170579}
--- !u!33 &33607200831040050
MeshFilter:
  m_ObjectHideFlags: 0
  m_PrefabParentObject: {fileID: 0}
  m_PrefabInternal: {fileID: 100100000}
  m_GameObject: {fileID: 1171821322707214}
  m_Mesh: {fileID: 0}
--- !u!23 &23087609397040022
MeshRenderer:
  m_ObjectHideFlags: 0
  m_PrefabParentObject: {fileID: 0}
  m_PrefabInternal: {fileID: 100100000}
  m_GameObject: {fileID: 1171821322707214}
  m_Enabled: 1
  m_CastShadows: 1
  m_ReceiveShadows: 1
  m_LightmapIndex: 255
  m_LightmapTilingOffset: {x: 1, y: 1, z: 0, w: 0}
  m_Materials:
  - {fileID: 2100000, guid: 5f4638ff397d286408d302d1bfd0305d, type: 2}
  m_SubsetIndices: []
  m_StaticBatchRoot: {fileID: 0}
  m_UseLightProbes: 0
  m_LightProbeAnchor: {fileID: 0}
  m_ScaleInLightmap: 1
--- !u!114 &114126427543354412
MonoBehaviour:
  m_ObjectHideFlags: 0
  m_PrefabParentObject: {fileID: 0}
  m_PrefabInternal: {fileID: 100100000}
  m_GameObject: {fileID: 1171821322707214}
  m_Enabled: 1
  m_EditorHideFlags: 0
  m_Script: {fileID: 11500000, guid: 04a340c55c247513cbdc1b4d88bbdbae, type: 3}
  m_Name:
  m_textureWidth: 192
  m_textureHeight: 192
  m_scale: 1
  m_spriteWidth: 192
  m_spriteHeight: 192
  m_UVx: 0
  m_UVy: 9
  m_width: 3
  m_height: 3
  m_atlasGridSubdivisions: 16
  m_updateCollider: 1
  m_uvRect:
    serializedVersion: 2
    x: 0.00048828125
    y: 0.5629883
    width: 0.18652344
    height: 0.18652344
