%YAML 1.1
%TAG !u! tag:unity3d.com,2011:
--- !u!1001 &100100000
Prefab:
  serializedVersion: 2
  m_ObjectHideFlags: 1
  m_Modification:
    m_TransformParent: {fileID: 0}
    m_Modifications: []
    m_RemovedComponents: []
  m_ParentPrefab: {fileID: 0}
  m_RootGameObject: {fileID: 1738824453614824}
  m_IsPrefabParent: 1
  m_IsExploded: 0
--- !u!1 &1738824453614824
GameObject:
  serializedVersion: 3
  m_ObjectHideFlags: 0
  m_PrefabParentObject: {fileID: 0}
  m_PrefabInternal: {fileID: 100100000}
  m_Component:
  - 4: {fileID: 4929316326251392}
  - 23: {fileID: 23688824896378088}
  - 33: {fileID: 33843493197440440}
  - 114: {fileID: 114102289841260774}
  - 65: {fileID: 65450442659949356}
  - 114: {fileID: 114021407743562352}
  m_Layer: 10
  m_Name: LevelButton
  m_TagString: Untagged
  m_Icon: {fileID: 0}
  m_NavMeshLayer: 0
  m_StaticEditorFlags: 0
  m_IsActive: 1
--- !u!4 &4929316326251392
Transform:
  m_ObjectHideFlags: 0
  m_PrefabParentObject: {fileID: 0}
  m_PrefabInternal: {fileID: 100100000}
  m_GameObject: {fileID: 1738824453614824}
  m_LocalRotation: {x: 0, y: 0, z: 0, w: 1}
  m_LocalPosition: {x: 25.644047, y: 0, z: 0}
  m_LocalScale: {x: 1, y: 1, z: 1}
  m_Children:
  - {fileID: 4020572640927316}
  - {fileID: 4902756430725841}
  - {fileID: 4702417174989602}
  m_Father: {fileID: 0}
--- !u!23 &23688824896378088
MeshRenderer:
  m_ObjectHideFlags: 0
  m_PrefabParentObject: {fileID: 0}
  m_PrefabInternal: {fileID: 100100000}
  m_GameObject: {fileID: 1738824453614824}
  m_Enabled: 1
  m_CastShadows: 1
  m_ReceiveShadows: 1
  m_LightmapIndex: 255
  m_LightmapTilingOffset: {x: 1, y: 1, z: 0, w: 0}
  m_Materials:
  - {fileID: 2100000, guid: 5f4638ff397d286408d302d1bfd0305d, type: 2}
  m_SubsetIndices: []
  m_StaticBatchRoot: {fileID: 0}
  m_UseLightProbes: 0
  m_LightProbeAnchor: {fileID: 0}
  m_ScaleInLightmap: 1
--- !u!33 &33843493197440440
MeshFilter:
  m_ObjectHideFlags: 0
  m_PrefabParentObject: {fileID: 0}
  m_PrefabInternal: {fileID: 100100000}
  m_GameObject: {fileID: 1738824453614824}
  m_Mesh: {fileID: 0}
--- !u!114 &114102289841260774
MonoBehaviour:
  m_ObjectHideFlags: 0
  m_PrefabParentObject: {fileID: 0}
  m_PrefabInternal: {fileID: 100100000}
  m_GameObject: {fileID: 1738824453614824}
  m_Enabled: 1
  m_EditorHideFlags: 0
  m_Script: {fileID: 11500000, guid: 04a340c55c247513cbdc1b4d88bbdbae, type: 3}
  m_Name:
  m_textureWidth: 128
  m_textureHeight: 128
  m_scale: 1
  m_spriteWidth: 128
  m_spriteHeight: 128
  m_UVx: 2
  m_UVy: 12
  m_width: 2
  m_height: 2
  m_atlasGridSubdivisions: 16
  m_updateCollider: 1
  m_uvRect:
    serializedVersion: 2
    x: 0.12548828
    y: 0.7504883
    width: 0.12402344
    height: 0.12402344
--- !u!65 &65450442659949356
BoxCollider:
  serializedVersion: 2
  m_ObjectHideFlags: 0
  m_PrefabParentObject: {fileID: 0}
  m_PrefabInternal: {fileID: 100100000}
  m_GameObject: {fileID: 1738824453614824}
  m_Material: {fileID: 0}
  m_IsTrigger: 0
  m_Enabled: 1
  m_Size: {x: 3.3333333, y: 3.3333333, z: 0}
  m_Center: {x: 0, y: 0, z: 0}
--- !u!114 &114021407743562352
MonoBehaviour:
  m_ObjectHideFlags: 0
  m_PrefabParentObject: {fileID: 0}
  m_PrefabInternal: {fileID: 100100000}
  m_GameObject: {fileID: 1738824453614824}
  m_Enabled: 1
  m_EditorHideFlags: 0
  m_Script: {fileID: 11500000, guid: 592a4f4281d4a97a9440d67f0f1016e1, type: 3}
  m_Name:
  messageTargetObject: {fileID: 0}
  targetComponent:
  methodToInvoke:
  messageParameter:
  eventToSend: 0
  animate: 1
  activateOnHold: 0
--- !u!1 &1436127271007917
GameObject:
  serializedVersion: 3
  m_ObjectHideFlags: 0
  m_PrefabParentObject: {fileID: 0}
  m_PrefabInternal: {fileID: 100100000}
  m_Component:
  - 4: {fileID: 4020572640927316}
  - 102: {fileID: 102297823865112818}
  - 23: {fileID: 23492376715021898}
  m_Layer: 10
  m_Name: LevelNumber
  m_TagString: Untagged
  m_Icon: {fileID: 0}
  m_NavMeshLayer: 0
  m_StaticEditorFlags: 0
  m_IsActive: 1
--- !u!4 &4020572640927316
Transform:
  m_ObjectHideFlags: 0
  m_PrefabParentObject: {fileID: 0}
  m_PrefabInternal: {fileID: 100100000}
  m_GameObject: {fileID: 1436127271007917}
  m_LocalRotation: {x: 0, y: 0, z: 0, w: 1}
  m_LocalPosition: {x: 0, y: 0, z: -1}
  m_LocalScale: {x: 1, y: 1, z: 1}
  m_Children: []
  m_Father: {fileID: 4929316326251392}
--- !u!102 &102297823865112818
TextMesh:
  serializedVersion: 3
  m_ObjectHideFlags: 0
  m_PrefabParentObject: {fileID: 0}
  m_PrefabInternal: {fileID: 100100000}
  m_GameObject: {fileID: 1436127271007917}
  m_Text: 0
  m_OffsetZ: 0
  m_CharacterSize: 0.25
  m_LineSpacing: 1
  m_Anchor: 4
  m_Alignment: 1
  m_TabSize: 4
  m_FontSize: 0
  m_FontStyle: 0
  m_Font: {fileID: 12800000, guid: 58af9a496b92c2749a7b4e1024383db1, type: 2}
--- !u!23 &23492376715021898
MeshRenderer:
  m_ObjectHideFlags: 0
  m_PrefabParentObject: {fileID: 0}
  m_PrefabInternal: {fileID: 100100000}
  m_GameObject: {fileID: 1436127271007917}
  m_Enabled: 1
  m_CastShadows: 0
  m_ReceiveShadows: 0
  m_LightmapIndex: 255
  m_LightmapTilingOffset: {x: 1, y: 1, z: 0, w: 0}
  m_Materials:
  - {fileID: 2100000, guid: b8e3407866fc12346b34d67465e991fe, type: 2}
  m_SubsetIndices: []
  m_StaticBatchRoot: {fileID: 0}
  m_UseLightProbes: 0
  m_LightProbeAnchor: {fileID: 0}
  m_ScaleInLightmap: 1
--- !u!1 &1697520460707484
GameObject:
  serializedVersion: 3
  m_ObjectHideFlags: 0
  m_PrefabParentObject: {fileID: 0}
  m_PrefabInternal: {fileID: 100100000}
  m_Component:
  - 4: {fileID: 4902756430725841}
  - 33: {fileID: 33133360322721846}
  - 23: {fileID: 23810727253116127}
  - 114: {fileID: 114030807287104655}
  m_Layer: 10
  m_Name: Lock
  m_TagString: Untagged
  m_Icon: {fileID: 0}
  m_NavMeshLayer: 0
  m_StaticEditorFlags: 0
  m_IsActive: 1
--- !u!4 &4902756430725841
Transform:
  m_ObjectHideFlags: 0
  m_PrefabParentObject: {fileID: 0}
  m_PrefabInternal: {fileID: 100100000}
  m_GameObject: {fileID: 1697520460707484}
  m_LocalRotation: {x: 0, y: 0, z: 0, w: 1}
  m_LocalPosition: {x: -0.009034, y: 0.080144286, z: -0.5}
  m_LocalScale: {x: 1, y: 1, z: 1}
  m_Children: []
  m_Father: {fileID: 4929316326251392}
--- !u!33 &33133360322721846
MeshFilter:
  m_ObjectHideFlags: 0
  m_PrefabParentObject: {fileID: 0}
  m_PrefabInternal: {fileID: 100100000}
  m_GameObject: {fileID: 1697520460707484}
  m_Mesh: {fileID: 0}
--- !u!23 &23810727253116127
MeshRenderer:
  m_ObjectHideFlags: 0
  m_PrefabParentObject: {fileID: 0}
  m_PrefabInternal: {fileID: 100100000}
  m_GameObject: {fileID: 1697520460707484}
  m_Enabled: 1
  m_CastShadows: 1
  m_ReceiveShadows: 1
  m_LightmapIndex: 255
  m_LightmapTilingOffset: {x: 1, y: 1, z: 0, w: 0}
  m_Materials:
  - {fileID: 2100000, guid: 5f4638ff397d286408d302d1bfd0305d, type: 2}
  m_SubsetIndices: []
  m_StaticBatchRoot: {fileID: 0}
  m_UseLightProbes: 0
  m_LightProbeAnchor: {fileID: 0}
  m_ScaleInLightmap: 1
--- !u!114 &114030807287104655
MonoBehaviour:
  m_ObjectHideFlags: 0
  m_PrefabParentObject: {fileID: 0}
  m_PrefabInternal: {fileID: 100100000}
  m_GameObject: {fileID: 1697520460707484}
  m_Enabled: 1
  m_EditorHideFlags: 0
  m_Script: {fileID: 11500000, guid: 04a340c55c247513cbdc1b4d88bbdbae, type: 3}
  m_Name:
  m_textureWidth: 128
  m_textureHeight: 128
  m_scale: 1
  m_spriteWidth: 128
  m_spriteHeight: 128
  m_UVx: 4
  m_UVy: 12
  m_width: 2
  m_height: 2
  m_atlasGridSubdivisions: 16
  m_updateCollider: 1
  m_uvRect:
    serializedVersion: 2
    x: 0.25048828
    y: 0.7504883
    width: 0.12402344
    height: 0.12402344
--- !u!1 &1421770229631174
GameObject:
  serializedVersion: 3
  m_ObjectHideFlags: 0
  m_PrefabParentObject: {fileID: 0}
  m_PrefabInternal: {fileID: 100100000}
  m_Component:
  - 4: {fileID: 4702417174989602}
  - 33: {fileID: 33022257006136827}
  - 23: {fileID: 23667246249709125}
  - 114: {fileID: 114640823356268442}
  m_Layer: 10
  m_Name: StarSets
  m_TagString: Untagged
  m_Icon: {fileID: 0}
  m_NavMeshLayer: 0
  m_StaticEditorFlags: 0
  m_IsActive: 1
--- !u!4 &4702417174989602
Transform:
  m_ObjectHideFlags: 0
  m_PrefabParentObject: {fileID: 0}
  m_PrefabInternal: {fileID: 100100000}
  m_GameObject: {fileID: 1421770229631174}
  m_LocalRotation: {x: 0, y: 0, z: 0, w: 1}
  m_LocalPosition: {x: 0, y: -1.9865079, z: 0.5}
  m_LocalScale: {x: 1, y: 1, z: 1}
  m_Children:
  - {fileID: 4732058853434997}
  - {fileID: 4935874598956579}
  - {fileID: 4208837691705812}
  m_Father: {fileID: 4929316326251392}
--- !u!33 &33022257006136827
MeshFilter:
  m_ObjectHideFlags: 0
  m_PrefabParentObject: {fileID: 0}
  m_PrefabInternal: {fileID: 100100000}
  m_GameObject: {fileID: 1421770229631174}
  m_Mesh: {fileID: 0}
--- !u!23 &23667246249709125
MeshRenderer:
  m_ObjectHideFlags: 0
  m_PrefabParentObject: {fileID: 0}
  m_PrefabInternal: {fileID: 100100000}
  m_GameObject: {fileID: 1421770229631174}
  m_Enabled: 1
  m_CastShadows: 1
  m_ReceiveShadows: 1
  m_LightmapIndex: 255
  m_LightmapTilingOffset: {x: 1, y: 1, z: 0, w: 0}
  m_Materials:
  - {fileID: 2100000, guid: 5f4638ff397d286408d302d1bfd0305d, type: 2}
  m_SubsetIndices: []
  m_StaticBatchRoot: {fileID: 0}
  m_UseLightProbes: 0
  m_LightProbeAnchor: {fileID: 0}
  m_ScaleInLightmap: 1
--- !u!114 &114640823356268442
MonoBehaviour:
  m_ObjectHideFlags: 0
  m_PrefabParentObject: {fileID: 0}
  m_PrefabInternal: {fileID: 100100000}
  m_GameObject: {fileID: 1421770229631174}
  m_Enabled: 1
  m_EditorHideFlags: 0
  m_Script: {fileID: 11500000, guid: 04a340c55c247513cbdc1b4d88bbdbae, type: 3}
  m_Name:
  m_textureWidth: 128
  m_textureHeight: 64
  m_scale: 1
  m_spriteWidth: 128
  m_spriteHeight: 64
  m_UVx: 2
  m_UVy: 0
  m_width: 2
  m_height: 1
  m_atlasGridSubdivisions: 16
  m_updateCollider: 1
  m_uvRect:
    serializedVersion: 2
    x: 0.12548828
    y: 0.00048828125
    width: 0.12402344
    height: 0.061523438
--- !u!1 &1616069998678241
GameObject:
  serializedVersion: 3
  m_ObjectHideFlags: 0
  m_PrefabParentObject: {fileID: 0}
  m_PrefabInternal: {fileID: 100100000}
  m_Component:
  - 4: {fileID: 4732058853434997}
  m_Layer: 10
  m_Name: Star1
  m_TagString: Untagged
  m_Icon: {fileID: 0}
  m_NavMeshLayer: 0
  m_StaticEditorFlags: 0
  m_IsActive: 1
--- !u!4 &4732058853434997
Transform:
  m_ObjectHideFlags: 0
  m_PrefabParentObject: {fileID: 0}
  m_PrefabInternal: {fileID: 100100000}
  m_GameObject: {fileID: 1616069998678241}
  m_LocalRotation: {x: 0, y: 0, z: 0, w: 1}
  m_LocalPosition: {x: -0.7077675, y: -0, z: -1}
  m_LocalScale: {x: 1, y: 1, z: 1}
  m_Children:
  - {fileID: 4420416316202756}
  m_Father: {fileID: 4702417174989602}
--- !u!1 &1589242560678873
GameObject:
  serializedVersion: 3
  m_ObjectHideFlags: 0
  m_PrefabParentObject: {fileID: 0}
  m_PrefabInternal: {fileID: 100100000}
  m_Component:
  - 4: {fileID: 4420416316202756}
  - 33: {fileID: 33692601723871486}
  - 23: {fileID: 23329432176540969}
  - 114: {fileID: 114460021720051504}
  m_Layer: 10
  m_Name: Star
  m_TagString: Untagged
  m_Icon: {fileID: 0}
  m_NavMeshLayer: 0
  m_StaticEditorFlags: 0
  m_IsActive: 1
--- !u!4 &4420416316202756
Transform:
  m_ObjectHideFlags: 0
  m_PrefabParentObject: {fileID: 0}
  m_PrefabInternal: {fileID: 100100000}
  m_GameObject: {fileID: 1589242560678873}
  m_LocalRotation: {x: 0, y: 0, z: 0, w: 1}
  m_LocalPosition: {x: 0, y: 0, z: 0}
  m_LocalScale: {x: 1, y: 1, z: 1}
  m_Children: []
  m_Father: {fileID: 4732058853434997}
--- !u!33 &33692601723871486
MeshFilter:
  m_ObjectHideFlags: 0
  m_PrefabParentObject: {fileID: 0}
  m_PrefabInternal: {fileID: 100100000}
  m_GameObject: {fileID: 1589242560678873}
  m_Mesh: {fileID: 0}
--- !u!23 &23329432176540969
MeshRenderer:
  m_ObjectHideFlags: 0
  m_PrefabParentObject: {fileID: 0}
  m_PrefabInternal: {fileID: 100100000}
  m_GameObject: {fileID: 1589242560678873}
  m_Enabled: 1
  m_CastShadows: 1
  m_ReceiveShadows: 1
  m_LightmapIndex: 255
  m_LightmapTilingOffset: {x: 1, y: 1, z: 0, w: 0}
  m_Materials:
  - {fileID: 2100000, guid: 5f4638ff397d286408d302d1bfd0305d, type: 2}
  m_SubsetIndices: []
  m_StaticBatchRoot: {fileID: 0}
  m_UseLightProbes: 0
  m_LightProbeAnchor: {fileID: 0}
  m_ScaleInLightmap: 1
--- !u!114 &114460021720051504
MonoBehaviour:
  m_ObjectHideFlags: 0
  m_PrefabParentObject: {fileID: 0}
  m_PrefabInternal: {fileID: 100100000}
  m_GameObject: {fileID: 1589242560678873}
  m_Enabled: 1
  m_EditorHideFlags: 0
  m_Script: {fileID: 11500000, guid: 04a340c55c247513cbdc1b4d88bbdbae, type: 3}
  m_Name:
  m_textureWidth: 64
  m_textureHeight: 64
  m_scale: 1
  m_spriteWidth: 64
  m_spriteHeight: 64
  m_UVx: 4
  m_UVy: 0
  m_width: 1
  m_height: 1
  m_atlasGridSubdivisions: 16
  m_updateCollider: 1
  m_uvRect:
    serializedVersion: 2
    x: 0.25048828
    y: 0.00048828125
    width: 0.061523438
    height: 0.061523438
--- !u!1 &1122476115509414
GameObject:
  serializedVersion: 3
  m_ObjectHideFlags: 0
  m_PrefabParentObject: {fileID: 0}
  m_PrefabInternal: {fileID: 100100000}
  m_Component:
  - 4: {fileID: 4935874598956579}
  m_Layer: 10
  m_Name: Star2
  m_TagString: Untagged
  m_Icon: {fileID: 0}
  m_NavMeshLayer: 0
  m_StaticEditorFlags: 0
  m_IsActive: 1
--- !u!4 &4935874598956579
Transform:
  m_ObjectHideFlags: 0
  m_PrefabParentObject: {fileID: 0}
  m_PrefabInternal: {fileID: 100100000}
  m_GameObject: {fileID: 1122476115509414}
  m_LocalRotation: {x: 0, y: 0, z: 0, w: 1}
  m_LocalPosition: {x: 0.049402237, y: -0, z: 0}
  m_LocalScale: {x: 1, y: 1, z: 1}
  m_Children:
  - {fileID: 4242286523015740}
  - {fileID: 4941925037768300}
  m_Father: {fileID: 4702417174989602}
--- !u!1 &1480756262613339
GameObject:
  serializedVersion: 3
  m_ObjectHideFlags: 0
  m_PrefabParentObject: {fileID: 0}
  m_PrefabInternal: {fileID: 100100000}
  m_Component:
  - 4: {fileID: 4242286523015740}
  - 33: {fileID: 33928779336765136}
  - 23: {fileID: 23069598931940529}
  - 114: {fileID: 114609630399949984}
  m_Layer: 10
  m_Name: Star
  m_TagString: Untagged
  m_Icon: {fileID: 0}
  m_NavMeshLayer: 0
  m_StaticEditorFlags: 0
  m_IsActive: 1
--- !u!4 &4242286523015740
Transform:
  m_ObjectHideFlags: 0
  m_PrefabParentObject: {fileID: 0}
  m_PrefabInternal: {fileID: 100100000}
  m_GameObject: {fileID: 1480756262613339}
  m_LocalRotation: {x: 0, y: 0, z: 0, w: 1}
  m_LocalPosition: {x: -0.7654041, y: 0, z: -1}
  m_LocalScale: {x: 1, y: 1, z: 1}
  m_Children: []
  m_Father: {fileID: 4935874598956579}
--- !u!33 &33928779336765136
MeshFilter:
  m_ObjectHideFlags: 0
  m_PrefabParentObject: {fileID: 0}
  m_PrefabInternal: {fileID: 100100000}
  m_GameObject: {fileID: 1480756262613339}
  m_Mesh: {fileID: 0}
--- !u!23 &23069598931940529
MeshRenderer:
  m_ObjectHideFlags: 0
  m_PrefabParentObject: {fileID: 0}
  m_PrefabInternal: {fileID: 100100000}
  m_GameObject: {fileID: 1480756262613339}
  m_Enabled: 1
  m_CastShadows: 1
  m_ReceiveShadows: 1
  m_LightmapIndex: 255
  m_LightmapTilingOffset: {x: 1, y: 1, z: 0, w: 0}
  m_Materials:
  - {fileID: 2100000, guid: 5f4638ff397d286408d302d1bfd0305d, type: 2}
  m_SubsetIndices: []
  m_StaticBatchRoot: {fileID: 0}
  m_UseLightProbes: 0
  m_LightProbeAnchor: {fileID: 0}
  m_ScaleInLightmap: 1
--- !u!114 &114609630399949984
MonoBehaviour:
  m_ObjectHideFlags: 0
  m_PrefabParentObject: {fileID: 0}
  m_PrefabInternal: {fileID: 100100000}
  m_GameObject: {fileID: 1480756262613339}
  m_Enabled: 1
  m_EditorHideFlags: 0
  m_Script: {fileID: 11500000, guid: 04a340c55c247513cbdc1b4d88bbdbae, type: 3}
  m_Name:
  m_textureWidth: 64
  m_textureHeight: 64
  m_scale: 1
  m_spriteWidth: 64
  m_spriteHeight: 64
  m_UVx: 4
  m_UVy: 0
  m_width: 1
  m_height: 1
  m_atlasGridSubdivisions: 16
  m_updateCollider: 1
  m_uvRect:
    serializedVersion: 2
    x: 0.25048828
    y: 0.00048828125
    width: 0.061523438
    height: 0.061523438
--- !u!1 &1095115563392253
GameObject:
  serializedVersion: 3
  m_ObjectHideFlags: 0
  m_PrefabParentObject: {fileID: 0}
  m_PrefabInternal: {fileID: 100100000}
  m_Component:
  - 4: {fileID: 4941925037768300}
  - 33: {fileID: 33045902919515231}
  - 23: {fileID: 23113349195604431}
  - 114: {fileID: 114392446701680557}
  m_Layer: 10
  m_Name: Star
  m_TagString: Untagged
  m_Icon: {fileID: 0}
  m_NavMeshLayer: 0
  m_StaticEditorFlags: 0
  m_IsActive: 1
--- !u!4 &4941925037768300
Transform:
  m_ObjectHideFlags: 0
  m_PrefabParentObject: {fileID: 0}
  m_PrefabInternal: {fileID: 100100000}
  m_GameObject: {fileID: 1095115563392253}
  m_LocalRotation: {x: 0, y: 0, z: 0, w: 1}
  m_LocalPosition: {x: -0.05843553, y: 0, z: -1}
  m_LocalScale: {x: 1, y: 1, z: 1}
  m_Children: []
  m_Father: {fileID: 4935874598956579}
--- !u!33 &33045902919515231
MeshFilter:
  m_ObjectHideFlags: 0
  m_PrefabParentObject: {fileID: 0}
  m_PrefabInternal: {fileID: 100100000}
  m_GameObject: {fileID: 1095115563392253}
  m_Mesh: {fileID: 0}
--- !u!23 &23113349195604431
MeshRenderer:
  m_ObjectHideFlags: 0
  m_PrefabParentObject: {fileID: 0}
  m_PrefabInternal: {fileID: 100100000}
  m_GameObject: {fileID: 1095115563392253}
  m_Enabled: 1
  m_CastShadows: 1
  m_ReceiveShadows: 1
  m_LightmapIndex: 255
  m_LightmapTilingOffset: {x: 1, y: 1, z: 0, w: 0}
  m_Materials:
  - {fileID: 2100000, guid: 5f4638ff397d286408d302d1bfd0305d, type: 2}
  m_SubsetIndices: []
  m_StaticBatchRoot: {fileID: 0}
  m_UseLightProbes: 0
  m_LightProbeAnchor: {fileID: 0}
  m_ScaleInLightmap: 1
--- !u!114 &114392446701680557
MonoBehaviour:
  m_ObjectHideFlags: 0
  m_PrefabParentObject: {fileID: 0}
  m_PrefabInternal: {fileID: 100100000}
  m_GameObject: {fileID: 1095115563392253}
  m_Enabled: 1
  m_EditorHideFlags: 0
  m_Script: {fileID: 11500000, guid: 04a340c55c247513cbdc1b4d88bbdbae, type: 3}
  m_Name:
  m_textureWidth: 64
  m_textureHeight: 64
  m_scale: 1
  m_spriteWidth: 64
  m_spriteHeight: 64
  m_UVx: 5
  m_UVy: 0
  m_width: 1
  m_height: 1
  m_atlasGridSubdivisions: 16
  m_updateCollider: 1
  m_uvRect:
    serializedVersion: 2
    x: 0.31298828
    y: 0.00048828125
    width: 0.061523438
    height: 0.061523438
--- !u!1 &1475047364844872
GameObject:
  serializedVersion: 3
  m_ObjectHideFlags: 0
  m_PrefabParentObject: {fileID: 0}
  m_PrefabInternal: {fileID: 100100000}
  m_Component:
  - 4: {fileID: 4208837691705812}
  m_Layer: 10
  m_Name: Star3
  m_TagString: Untagged
  m_Icon: {fileID: 0}
  m_NavMeshLayer: 0
  m_StaticEditorFlags: 0
  m_IsActive: 1
--- !u!4 &4208837691705812
Transform:
  m_ObjectHideFlags: 0
  m_PrefabParentObject: {fileID: 0}
  m_PrefabInternal: {fileID: 100100000}
  m_GameObject: {fileID: 1475047364844872}
  m_LocalRotation: {x: 0, y: 0, z: 0, w: 1}
  m_LocalPosition: {x: 0.049402237, y: -0, z: 0}
  m_LocalScale: {x: 1, y: 1, z: 1}
  m_Children:
  - {fileID: 4672820653508818}
  - {fileID: 4968165051140241}
  - {fileID: 4915868454961416}
  m_Father: {fileID: 4702417174989602}
--- !u!1 &1900107018125663
GameObject:
  serializedVersion: 3
  m_ObjectHideFlags: 0
  m_PrefabParentObject: {fileID: 0}
  m_PrefabInternal: {fileID: 100100000}
  m_Component:
  - 4: {fileID: 4672820653508818}
  - 33: {fileID: 33153707900305312}
  - 23: {fileID: 23105684887352158}
  - 114: {fileID: 114030294058287788}
  m_Layer: 10
  m_Name: Star
  m_TagString: Untagged
  m_Icon: {fileID: 0}
  m_NavMeshLayer: 0
  m_StaticEditorFlags: 0
  m_IsActive: 1
--- !u!4 &4672820653508818
Transform:
  m_ObjectHideFlags: 0
  m_PrefabParentObject: {fileID: 0}
  m_PrefabInternal: {fileID: 100100000}
  m_GameObject: {fileID: 1900107018125663}
  m_LocalRotation: {x: 0, y: 0, z: 0, w: 1}
  m_LocalPosition: {x: -0.7654041, y: 0, z: -1}
  m_LocalScale: {x: 1, y: 1, z: 1}
  m_Children: []
  m_Father: {fileID: 4208837691705812}
--- !u!33 &33153707900305312
MeshFilter:
  m_ObjectHideFlags: 0
  m_PrefabParentObject: {fileID: 0}
  m_PrefabInternal: {fileID: 100100000}
  m_GameObject: {fileID: 1900107018125663}
  m_Mesh: {fileID: 0}
--- !u!23 &23105684887352158
MeshRenderer:
  m_ObjectHideFlags: 0
  m_PrefabParentObject: {fileID: 0}
  m_PrefabInternal: {fileID: 100100000}
  m_GameObject: {fileID: 1900107018125663}
  m_Enabled: 1
  m_CastShadows: 1
  m_ReceiveShadows: 1
  m_LightmapIndex: 255
  m_LightmapTilingOffset: {x: 1, y: 1, z: 0, w: 0}
  m_Materials:
  - {fileID: 2100000, guid: 5f4638ff397d286408d302d1bfd0305d, type: 2}
  m_SubsetIndices: []
  m_StaticBatchRoot: {fileID: 0}
  m_UseLightProbes: 0
  m_LightProbeAnchor: {fileID: 0}
  m_ScaleInLightmap: 1
--- !u!114 &114030294058287788
MonoBehaviour:
  m_ObjectHideFlags: 0
  m_PrefabParentObject: {fileID: 0}
  m_PrefabInternal: {fileID: 100100000}
  m_GameObject: {fileID: 1900107018125663}
  m_Enabled: 1
  m_EditorHideFlags: 0
  m_Script: {fileID: 11500000, guid: 04a340c55c247513cbdc1b4d88bbdbae, type: 3}
  m_Name:
  m_textureWidth: 64
  m_textureHeight: 64
  m_scale: 1
  m_spriteWidth: 64
  m_spriteHeight: 64
  m_UVx: 4
  m_UVy: 0
  m_width: 1
  m_height: 1
  m_atlasGridSubdivisions: 16
  m_updateCollider: 1
  m_uvRect:
    serializedVersion: 2
    x: 0.25048828
    y: 0.00048828125
    width: 0.061523438
    height: 0.061523438
--- !u!1 &1468754772399508
GameObject:
  serializedVersion: 3
  m_ObjectHideFlags: 0
  m_PrefabParentObject: {fileID: 0}
  m_PrefabInternal: {fileID: 100100000}
  m_Component:
  - 4: {fileID: 4968165051140241}
  - 33: {fileID: 33829339618723482}
  - 23: {fileID: 23345111841154794}
  - 114: {fileID: 114181849114798839}
  m_Layer: 10
  m_Name: Star
  m_TagString: Untagged
  m_Icon: {fileID: 0}
  m_NavMeshLayer: 0
  m_StaticEditorFlags: 0
  m_IsActive: 1
--- !u!4 &4968165051140241
Transform:
  m_ObjectHideFlags: 0
  m_PrefabParentObject: {fileID: 0}
  m_PrefabInternal: {fileID: 100100000}
  m_GameObject: {fileID: 1468754772399508}
  m_LocalRotation: {x: 0, y: 0, z: 0, w: 1}
  m_LocalPosition: {x: -0.05843553, y: 0, z: -1}
  m_LocalScale: {x: 1, y: 1, z: 1}
  m_Children: []
  m_Father: {fileID: 4208837691705812}
--- !u!33 &33829339618723482
MeshFilter:
  m_ObjectHideFlags: 0
  m_PrefabParentObject: {fileID: 0}
  m_PrefabInternal: {fileID: 100100000}
  m_GameObject: {fileID: 1468754772399508}
  m_Mesh: {fileID: 0}
--- !u!23 &23345111841154794
MeshRenderer:
  m_ObjectHideFlags: 0
  m_PrefabParentObject: {fileID: 0}
  m_PrefabInternal: {fileID: 100100000}
  m_GameObject: {fileID: 1468754772399508}
  m_Enabled: 1
  m_CastShadows: 1
  m_ReceiveShadows: 1
  m_LightmapIndex: 255
  m_LightmapTilingOffset: {x: 1, y: 1, z: 0, w: 0}
  m_Materials:
  - {fileID: 2100000, guid: 5f4638ff397d286408d302d1bfd0305d, type: 2}
  m_SubsetIndices: []
  m_StaticBatchRoot: {fileID: 0}
  m_UseLightProbes: 0
  m_LightProbeAnchor: {fileID: 0}
  m_ScaleInLightmap: 1
--- !u!114 &114181849114798839
MonoBehaviour:
  m_ObjectHideFlags: 0
  m_PrefabParentObject: {fileID: 0}
  m_PrefabInternal: {fileID: 100100000}
  m_GameObject: {fileID: 1468754772399508}
  m_Enabled: 1
  m_EditorHideFlags: 0
  m_Script: {fileID: 11500000, guid: 04a340c55c247513cbdc1b4d88bbdbae, type: 3}
  m_Name:
  m_textureWidth: 64
  m_textureHeight: 64
  m_scale: 1
  m_spriteWidth: 64
  m_spriteHeight: 64
  m_UVx: 5
  m_UVy: 0
  m_width: 1
  m_height: 1
  m_atlasGridSubdivisions: 16
  m_updateCollider: 1
  m_uvRect:
    serializedVersion: 2
    x: 0.31298828
    y: 0.00048828125
    width: 0.061523438
    height: 0.061523438
--- !u!1 &1587853390973351
GameObject:
  serializedVersion: 3
  m_ObjectHideFlags: 0
  m_PrefabParentObject: {fileID: 0}
  m_PrefabInternal: {fileID: 100100000}
  m_Component:
  - 4: {fileID: 4915868454961416}
  - 33: {fileID: 33596487859738359}
  - 23: {fileID: 23044138998287790}
  - 114: {fileID: 114068071390094956}
  m_Layer: 10
  m_Name: Star
  m_TagString: Untagged
  m_Icon: {fileID: 0}
  m_NavMeshLayer: 0
  m_StaticEditorFlags: 0
  m_IsActive: 1
--- !u!4 &4915868454961416
Transform:
  m_ObjectHideFlags: 0
  m_PrefabParentObject: {fileID: 0}
  m_PrefabInternal: {fileID: 100100000}
  m_GameObject: {fileID: 1587853390973351}
  m_LocalRotation: {x: 0, y: 0, z: 0, w: 1}
  m_LocalPosition: {x: 0.61672527, y: 0, z: -1}
  m_LocalScale: {x: 1, y: 1, z: 1}
  m_Children: []
  m_Father: {fileID: 4208837691705812}
--- !u!33 &33596487859738359
MeshFilter:
  m_ObjectHideFlags: 0
  m_PrefabParentObject: {fileID: 0}
  m_PrefabInternal: {fileID: 100100000}
  m_GameObject: {fileID: 1587853390973351}
  m_Mesh: {fileID: 0}
--- !u!23 &23044138998287790
MeshRenderer:
  m_ObjectHideFlags: 0
  m_PrefabParentObject: {fileID: 0}
  m_PrefabInternal: {fileID: 100100000}
  m_GameObject: {fileID: 1587853390973351}
  m_Enabled: 1
  m_CastShadows: 1
  m_ReceiveShadows: 1
  m_LightmapIndex: 255
  m_LightmapTilingOffset: {x: 1, y: 1, z: 0, w: 0}
  m_Materials:
  - {fileID: 2100000, guid: 5f4638ff397d286408d302d1bfd0305d, type: 2}
  m_SubsetIndices: []
  m_StaticBatchRoot: {fileID: 0}
  m_UseLightProbes: 0
  m_LightProbeAnchor: {fileID: 0}
  m_ScaleInLightmap: 1
--- !u!114 &114068071390094956
MonoBehaviour:
  m_ObjectHideFlags: 0
  m_PrefabParentObject: {fileID: 0}
  m_PrefabInternal: {fileID: 100100000}
  m_GameObject: {fileID: 1587853390973351}
  m_Enabled: 1
  m_EditorHideFlags: 0
  m_Script: {fileID: 11500000, guid: 04a340c55c247513cbdc1b4d88bbdbae, type: 3}
  m_Name:
  m_textureWidth: 64
  m_textureHeight: 64
  m_scale: 1
  m_spriteWidth: 64
  m_spriteHeight: 64
  m_UVx: 6
  m_UVy: 0
  m_width: 1
  m_height: 1
  m_atlasGridSubdivisions: 16
  m_updateCollider: 1
  m_uvRect:
    serializedVersion: 2
    x: 0.37548828
    y: 0.00048828125
    width: 0.061523438
    height: 0.061523438
