%YAML 1.1
%TAG !u! tag:unity3d.com,2011:
--- !u!1001 &100100000
Prefab:
  serializedVersion: 2
  m_ObjectHideFlags: 1
  m_Modification:
    m_TransformParent: {fileID: 0}
    m_Modifications: []
    m_RemovedComponents: []
  m_ParentPrefab: {fileID: 0}
  m_RootGameObject: {fileID: 1982922908694881}
  m_IsPrefabParent: 1
  m_IsExploded: 0
--- !u!1 &1982922908694881
GameObject:
  serializedVersion: 3
  m_ObjectHideFlags: 0
  m_PrefabParentObject: {fileID: 0}
  m_PrefabInternal: {fileID: 100100000}
  m_Component:
  - 4: {fileID: 4310151554842387}
  - 65: {fileID: 65986433494788666}
  - 114: {fileID: 114041941714391475}
  - 33: {fileID: 33833504325739179}
  - 23: {fileID: 23478583154119117}
  - 114: {fileID: 114278788312241117}
  m_Layer: 9
  m_Name: Part_WoodenFrame_01_SET
  m_TagString: Untagged
  m_Icon: {fileID: 0}
  m_NavMeshLayer: 0
  m_StaticEditorFlags: 0
  m_IsActive: 1
--- !u!4 &4310151554842387
Transform:
  m_ObjectHideFlags: 0
  m_PrefabParentObject: {fileID: 0}
  m_PrefabInternal: {fileID: 100100000}
  m_GameObject: {fileID: 1982922908694881}
  m_LocalRotation: {x: 0, y: 0, z: 0, w: 1}
  m_LocalPosition: {x: 0, y: 0, z: 0}
  m_LocalScale: {x: 1, y: 1, z: 1}
  m_Children: []
  m_Father: {fileID: 0}
--- !u!65 &65986433494788666
BoxCollider:
  serializedVersion: 2
  m_ObjectHideFlags: 0
  m_PrefabParentObject: {fileID: 0}
  m_PrefabInternal: {fileID: 100100000}
  m_GameObject: {fileID: 1982922908694881}
  m_Material: {fileID: 13400000, guid: 7d4343e19862a9449b2e022c8639d305, type: 2}
  m_IsTrigger: 0
  m_Enabled: 1
  m_Size: {x: 1, y: 1, z: 1}
  m_Center: {x: 0, y: 0, z: 0}
--- !u!114 &114041941714391475
MonoBehaviour:
  m_ObjectHideFlags: 0
  m_PrefabParentObject: {fileID: 0}
  m_PrefabInternal: {fileID: 100100000}
  m_GameObject: {fileID: 1982922908694881}
  m_Enabled: 1
  m_EditorHideFlags: 0
  m_Script: {fileID: 11500000, guid: 0bba5ad1d31e8dc36c7a0bbf67618e0c, type: 3}
  m_Name:
  m_coordX: 0
  m_coordY: 0
  m_mass: 0.5
  m_interactiveRadius: 0.5
  m_breakVelocity: 2
  m_powerConsumption: 0
  m_enginePower: 0
  m_ZOffset: 0
  audioMaterial: 1
  m_partType: 5
  m_autoAlign: 0
  m_flipped: 0
  m_gridRotation: 0
  m_gridXmin: 0
  m_gridXmax: 0
  m_gridYmin: 0
  m_gridYmax: 0
  m_static: 0
  m_jointConnectionStrength: 1
  m_jointConnectionType: 1
  m_jointConnectionDirection: 0
  m_customJointConnectionDirection: 7
  m_enclosedPart: {fileID: 0}
  m_enclosedInto: {fileID: 0}
  m_actualVisualizationNode: {fileID: 0}
  m_constructionIconSprite: {fileID: 114457521687817688, guid: f07566140e5402840829586ffba3a58c, type: 2}
  m_material: 0
  m_brokenTextures: []
--- !u!33 &33833504325739179
MeshFilter:
  m_ObjectHideFlags: 0
  m_PrefabParentObject: {fileID: 0}
  m_PrefabInternal: {fileID: 100100000}
  m_GameObject: {fileID: 1982922908694881}
  m_Mesh: {fileID: 0}
--- !u!23 &23478583154119117
MeshRenderer:
  m_ObjectHideFlags: 0
  m_PrefabParentObject: {fileID: 0}
  m_PrefabInternal: {fileID: 100100000}
  m_GameObject: {fileID: 1982922908694881}
  m_Enabled: 1
  m_CastShadows: 1
  m_ReceiveShadows: 1
  m_LightmapIndex: 255
  m_LightmapTilingOffset: {x: 1, y: 1, z: 0, w: 0}
  m_Materials:
  - {fileID: 2100000, guid: 2000d0d51f7e2f94f848a07bead8646c, type: 2}
  m_SubsetIndices: []
  m_StaticBatchRoot: {fileID: 0}
  m_UseLightProbes: 0
  m_LightProbeAnchor: {fileID: 0}
  m_ScaleInLightmap: 1
--- !u!114 &114278788312241117
MonoBehaviour:
  m_ObjectHideFlags: 0
  m_PrefabParentObject: {fileID: 0}
  m_PrefabInternal: {fileID: 100100000}
  m_GameObject: {fileID: 1982922908694881}
  m_Enabled: 1
  m_EditorHideFlags: 0
  m_Script: {fileID: 11500000, guid: 04a340c55c247513cbdc1b4d88bbdbae, type: 3}
  m_Name:
  m_textureWidth: 128
  m_textureHeight: 128
  m_scale: 0.4
  m_spriteWidth: 51
  m_spriteHeight: 51
  m_UVx: 0
  m_UVy: 14
  m_width: 2
  m_height: 2
  m_atlasGridSubdivisions: 16
  m_updateCollider: 1
  m_uvRect:
    serializedVersion: 2
    x: 0.00048828125
    y: 0.8754883
    width: 0.12402344
    height: 0.12402344
